2814 5056
364 359 961 464 GARYULVs2uu3Q
1136 363 1214 430 -wl

106 527 290 603 derreirrm,
324 520 399 592 scil.
419 522 484 610 qni
500 521 542 594 ed
563 521 712 590 homines
732 522 864 608 legatus
883 521 1014 590 veniret
1031 530 1068 590 et
1087 544 1148 612 pro
1170 521 1215 590 iis
1265 559 1268 568 =
1392 553 1393 570 ι

109 620 306 676 moreretur.
337 607 459 674 Eodem
470 607 547 699 jure
559 606 664 674 Paulo
677 605 823 696 scribere
837 608 973 674 licuisse
990 598 1049 686 niis
1063 605 1215 695 προέγνω

107 717 231 761 renen
255 691 403 782 adjecti,
435 717 534 782 quam
556 692 652 776 Deus
672 705 771 760 antec
789 693 1018 761 destinaverit.
1073 693 1158 760 N'arn
1176 691 1215 762 Ρ.

107 779 365 868 disputationem
394 779 589 862 ostendero,
625 777 688 860 irco
713 801 787 844 eum
815 777 926 844 dicere
947 779 1110 847 voluisse:
1140 801 1215 844 narn

89 861 424 1018 1ἓιισοόοιινσιιιιὶει
450 863 645 947 constituit,
682 858 736 931 ότι
766 853 824 942 otc
843 860 995 950 προέγνω
1023 857 1218 942 δοξάσαι.

142 947 382 1035 ehocquidem
398 949 616 1038 rnihiplacet.
659 947 799 1022 lmosio
818 951 937 1017 sentio.
982 941 1049 1026 Οὓς
1063 947 1217 1034 προέγνω

106 1057 168 1124 por
181 1057 218 1099 se
232 1038 364 1123 plenum
388 1043 458 1116 est,
492 1034 763 1124 quamadmodum
788 1057 817 1102 r.
831 1035 886 1102 30.
899 1023 959 1110 σός
973 1034 1010 1100 di
1025 1032 1217 1121 ripordpwa:

129 1141 185 1202 ιιοε
198 1126 297 1185 anteo
321 1119 361 1204 (i.
375 1141 406 1188 e.
421 1128 457 1184 nt
478 1141 526 1186 ex·
537 1122 618 1210 loliis
633 1121 659 1190 l.
673 1121 779 1208 liquet
802 1119 913 1186 lGor.
929 1118 962 1197 2,
974 1119 1008 1186 7.
1034 1119 1117 1206 [ipis.
1136 1120 1218 1201 1,4.
1285 1135 1287 1140 ’

102 1144 137 1283 i,
154 1205 209 1278 ll.
232 1201 361 1273 erim.
380 1209 414 1286 l,
436 1207 469 1272 o.
488 1212 565 1272 onte
589 1207 701 1274 meandi
720 1205 914 1290 primordio)
934 1205 1111 1287 constituit,
1132 1206 1217 1271 deai-

105 1292 236 1378 9uuoit,
265 1289 290 1362 i.
304 1309 335 1357 e.
351 1288 392 1364 de
415 1291 536 1378 quibus
552 1299 649 1356 antea
668 1291 834 1356 decretum
858 1289 956 1372 fecit,
989 1287 1032 1356 bie
1060 1311 1088 1358 et
1116 1295 1217 1371 turbet

42 1419 44 1435 .
107 1377 270 1458 betdlolieo
297 1377 347 1456 bct
367 1374 399 1441 i.
428 1398 459 1444 e.
485 1375 554 1448 ibet
581 1375 623 1446 bie
651 1396 679 1445 ιι
707 1375 786 1452 einen
804 1375 1010 1480 ‚itotbgidotei
1039 1379 1135 1461 calefit
1157 1379 1218 1458 iot.

105 1459 186 1526 Non
202 1459 361 1550 differunt
379 1481 416 1526 re
432 1455 456 1548 ἦ
467 1461 657 1548 πρόγνωσις
670 1465 732 1526 τοῦ
744 1461 832 1526 θεοῦ
851 1468 884 1528 et
900 1482 918 1523 o
932 1457 1143 1542 προορισμός
1156 1462 1219 1526 τοῦ

104 1545 202 1611 θεοῦ.
258 1543 345 1609 uam
380 1565 464 1630 quos
485 1545 636 1612 homines
662 1545 720 1612 illa
742 1545 990 1632 complectitur,
1017 1543 1060 1608 ad
1083 1544 1218 1612 eosdeiu

106 1631 160 1696 Ιιίο
190 1629 354 1717 pertinet,
389 1652 497 1718 neque
522 1631 613 1698 aliud
635 1631 694 1696 illa
716 1630 817 1696 decus
845 1628 1034 1695 horninibus
1060 1629 1220 1712 destinet,

105 1717 199 1783 aliud
221 1715 286 1784 hic.
335 1713 414 1782 Non
435 1726 488 1782 est
506 1717 610 1800 igitur
631 1705 652 1802 ἦ
671 1711 866 1800 πρόγνωσις,
880 1715 939 1780 τοῦ
959 1718 1065 1792 θεοῦ,
1095 1715 1135 1782 de
1151 1718 1219 1803 quir

106 1803 179 1890 Ap.
196 1798 351 1881 disserit,
374 1801 442 1882 nisi,
455 1791 474 1866 ὃ
488 1800 538 1878 εἰς
551 1799 610 1889 τὴν
623 1795 799 1867 υἱοθεσίαν
813 1798 1022 1948 πὸοορισμός
1042 1822 1073 1868 v.
1089 1804 1108 1865 l
1123 1799 1219 1874 Petr.

106 1889 137 1968 1,
151 1889 187 1954 2.
208 1888 253 1954 cl.
275 1886 390 1956 lGor.
405 1886 438 1969 2,
452 1888 486 1953 7.
509 1887 597 1975 Epir.
613 1889 645 1968 l,
665 1885 698 1950 θ.
716 1888 779 1952 ll..
870 1886 974 1949 uabus
993 1889 1219 1956 tantummodo

105 1973 214 2054 notis,
244 1993 329 2059 quae
343 1993 414 2038 rem
435 1993 500 2038 non
516 1972 705 2058 attingunt,
727 1971 878 2058 distent,
908 1967 996 2034 Nam
1011 1972 1112 2036 verbo
1128 1994 1220 2058 προ-

105 2051 258 2142 γινώσκω
280 2057 373 2122 notio
395 2057 518 2133 consilii
537 2065 637 2124 anteo
657 2079 679 2122 a
698 2057 769 2122 Deo
787 2053 876 2138 copti
892 2062 950 2120 out
962 2053 1048 2140 forti
1059 2056 1101 2122 od
1114 2079 1150 2124 eo
1163 2061 1219 2124 de·

104 2142 394 2208 oretialrsolvitur
411 2139 552 2226 (dieitur
574 2151 684 2208 autern
706 2137 900 2219 sonorior,
929 2147 1026 2225 quarn
1052 2143 1117 2228 quo
1137 2165 1220 2208 non·¹
1332 2218 1338 2226 .

106 2227 376 2292 nulloshornines
385 2248 443 2314 per
451 2227 622 2295 Christum
636 2207 735 2292 ledere
744 2225 917 2309 decrevit),
940 2224 1220 2312 verhonpoopij
1240 2221 1243 2238 '

103 2311 299 2398 praefinire,
325 2317 426 2395 turbet
448 2312 655 2396 belliricum
682 2311 795 2376 eadem
823 2309 982 2394 cogitatio
1008 2313 1220 2400 exprimitur,

62 2412 65 2424 ·
106 2398 166 2461 sed
191 2403 232 2461 ut
253 2417 308 2462 res
330 2396 407 2461 addi
431 2399 556 2479 soleat,
583 2398 678 2488 cujus
692 2395 902 2494 adeptionem
918 2394 1014 2460 Dens
1030 2397 1220 2468 hominihus

105 2481 348 2571 praefiniverit.
370 2481 455 2570 Eph.
478 2485 507 2563 l,
526 2483 559 2552 5.
574 2520 618 2532 —
665 2477 854 2568 προορίσας
870 2472 961 2565 ἡμᾶς
979 2477 1029 2566 εἰς
1042 2477 1221 2550 υἱοθεσίαν

105 2567 174 2632 uri..
191 2569 344 2658 ν.11.-
364 2561 399 2672 ἓν
414 2557 515 2670 ᾦγιαὶ
526 2561 766 2668 ἐκληρώθημεν
778 2564 1043 2652 προορισθέντες
1057 2567 1120 2652 (sc.
1136 2569 1220 2673 arip-
1308 2579 1311 2586 '

14 2663 16 2736 †
105 2652 378 2758 ρωθῆναιμαια
393 2655 636 2736 προθεοινιοσ
653 2689 704 2716 -.
745 2649 878 2716 Deinde
896 2650 1030 2714 verbum
1046 2653 1220 2738 προοριζω

14 3769 17 3812 l

105 2737 138 2802 in
164 2739 227 2802 hac
248 2757 285 2802 re
306 2737 485 2816 torinicum
505 2738 698 2802 vocabulum
720 2735 825 2802 luisse
847 2734 977 2816 videtur
991 2737 1028 2821 (1
1044 2736 1122 2806 Gor.
1137 2739 1170 2818 2,
1184 2741 1221 2808 7.

106 2823 231 2912 ΑειΑ,
246 2823 331 2907 28.),
348 2830 461 2889 contra
478 2815 696 2906 προγινώσνω
717 2841 794 2884 raro
815 2819 863 2884 sic
878 2821 1013 2904 legitur.
1022 2821 1058 2905 a)
1099 2821 1175 2892 Jarn
1189 2821 1222 2890 si

106 2905 147 2974 Ρ.
164 2929 197 2976 r.
217 2908 274 2976 28.
295 2907 437 2974 tecioico
460 2906 619 2972 vocabulo
640 2927 720 2971 usus
740 2907 811 2979 τοῖς
824 2903 908 2968 κατὰ
927 2902 986 2970 τόν
1007 2907 1221 2993 προορισμὸν
1282 2977 1286 2984 ,

108 2992 243 3080 κλητοῖς
257 2985 352 3058 odoro
367 2992 577 3080 scripsisset,
599 2991 667 3071 sic,
689 2988 826 3076 opinor,
848 3011 878 3055 v.
892 2991 945 3056 29.
961 2989 1221 3078 disputationem

108 3079 355 3145 continuasset:
389 3071 441 3144 ὅτι
462 3069 519 3152 οὓς
537 3071 756 3160 προιόρισε
771 3070 1039 3160 σομμόρφοος-
1057 3115 1100 3128 -
1118 3072 1223 3142 ridel*

108 3167 206 3248 φοῖς,
228 3158 410 3238 τούτους
430 3164 499 3228 καὶ
520 3155 696 3228 ἐκάλεσε
720 3153 798 3226 roi..
843 3161 1014 3245 At¹quum
1035 3181 1066 3229 r.
1082 3161 1137 3228 28.
1150 3165 1223 3240 τοῖς

109 3245 215 3314 κατὰ
238 3241 454 3334 πρόθεσιν
476 3245 527 3314 ni.
543 3244 746 3325 edixisset,
766 3245 933 3314 unctione
946 3245 1007 3329 τῆς
1022 3246 1223 3330 προθέσεως

109 3341 205 3398 acute
227 3335 398 3422 proiectus
425 3329 670 3398 sic'disscruit:
699 3364 741 3378 —-
764 3328 808 3414 iis
833 3330 955 3416 quiea:
975 3329 1040 3395 Dei
1057 3332 1221 3398 sententia

109 3424 239 3484 evocati
254 3426 343 3484 sunt.
387 3415 474 3482 Nam
495 3415 535 3482 de
557 3416 677 3503 qrrilrus
699 3413 793 3480 Deus
807 3414 1001 3481 sententiam
1021 3416 1223 3498 antestium,
1335 3469 1337 3490 ,

110 3503 153 3568 iis
171 3505 273 3570 etiam
294 3490 348 3590 (dt
361 3512 395 3568 et
414 3501 559 3568 lecinicti
574 3523 650 3566 uoce
664 3506 791 3566 uteret
811 3501 892 3586 quod
907 3498 974 3573 Dei
989 3502 1223 3568 sententia'or·

110 3597 300 3656 nomentum
328 3588 500 3677 complexa
530 3588 576 3652 sit
601 3587 751 3668 afferam)
777 3585 842 3650 lilii
863 3585 917 3682 sui
938 3605 1037 3672 quarn
1058 3587 1223 3656 referrent

143 3825 172 3895 *l
192 3824 271 3878 Male
287 3827 424 3879 Erasmus
443 3821 646 3896 προγινώσκειν
664 3822 696 3876 ad
717 3826 877 3890 decretum,
898 3827 1055 3894 προορίζιιν
1070 3825 1104 3878 ad
1117 3826 1226 3886 decreti

103 3897 105 3904 ’
177 3897 437 3962 promulgationem
461 3895 572 3948 rettulit.
614 3892 785 3946 florebertus
803 3900 893 3944 autern
915 3895 996 3946 verbo
1022 3894 1230 3966 προγινώσκειν

177 3963 233 4016 1)ιί
245 3966 409 4026 consilium,
429 3982 484 4032 quo
497 3964 613 4033 aliquem
628 3965 708 4014 beare
720 3953 1018 4034 nominassemus,
1044 3965 1129 4018 verbo
1149 3985 1222 4038 προ.
1274 3972 1282 3988 ·

182 4032 341 4102 ορίζεινῦεἰ
354 4032 499 4086 consilium
512 4051 550 4084 ex
563 4036 611 4085 illo
625 4039 726 4082 nutum
740 4027 853 4082 indicari
865 4030 1009 4100 perhibuit,
1026 4034 1223 4110 quohourines,

181 4105 283 4172 quibus
310 4101 657 4170 beatitatem'destinnssel‚
687 4116 782 4150 secum
803 4116 818 4148 a
840 4100 935 4154 ceteris
961 4098 1133 4168 horninibus,
1156 4119 1222 4166 uta

180 4171 281 4243 dispari
304 4171 445 4224 hominurn
466 4191 579 4240 gruere,
613 4169 665 4238 jam
687 4167 842 4219 discreverit
862 4167 947 4238 iisque
965 4169 1084 4224 liliorum
1108 4195 1221 4240 suorum

183 4241 372 4308 conditionem
392 4251 417 4290 er
438 4250 597 4292 ornamenta
618 4235 682 4301 (τόν
707 4237 791 4304 όρον)
812 4236 960 4308 assignarit.
1001 4240 1172 4298 Rueclerlus
1191 4249 1221 4302 in
1344 4255 1345 4258 ’

55 4347 66 4367 ,
182 4311 256 4362 verbi
270 4313 427 4381 προοριζειν
444 4302 607 4382 etymologici
620 4308 710 4376 inepte
727 4315 863 4376 arguturus
877 4306 1077 4364 distinctionem
1088 4315 1166 4385 plane
1180 4319 1220 4372 ri.

56 4391 75 4460 3
131 4405 134 4416 ·
183 4379 304 4438 dicularn
319 4378 457 4451 procudit.
547 4429 549 4432 .
