2806 5054
347 346 469 424 cnr.
490 346 767 452 vl11.yvs.:3.
787 345 897 425 att.
925 355 929 363 ’
1038 383 1041 390 ’
1140 355 1207 426 1⁰⁵

102 513 260 666 Fet-itum,
290 513 349 579 sed
368 511 438 595 dir,
457 512 600 604 spiritns
621 511 753 580 ductam
776 518 1008 602 sumerentur.
1058 513 1207 618 Scripsit

133 647 142 666 .
157 598 242 663 κατὰ
258 595 368 682 σάρκα
381 598 511 666 etrusci
526 602 741 686 Πνεῦμαοιοα
761 599 1064 690 adjecto-Articulo
1078 605 1207 686 ῧῐειῖάμ,

15 763 16 768 ¹
103 685 229 770 heiligun
247 685 341 768 dieite
361 686 530 768 nutriebar,
557 692 595 750 ut
614 686 647 750 in
671 687 836 754 sententiat
856 685 1012 768 universe
1031 689 1206 754 enuntiatt
1250 751 1252 758 ,

15 773 52 838 ’,
101 778 147 856 (v.
163 771 196 835 ὅ.
210 769 244 840 ‚8-
260 771 294 836 9.
310 771 361 840 12.
377 772 454 840 Gal.
471 771 544 851 3,3.
560 773 656 854 5,16.
678 771 733 839 25.
749 772 823 853 al).
865 769 964 836 licead
984 768 1058 855 τὴν
1081 768 1203 860 σάρκα,
1267 777 1269 787 ’

15 875 16 878 ’
102 852 144 922 cd
162 855 306 932 Πνεῦμα
318 863 517 944 περιπατεῖν
531 859 619 923 foret
633 863 710 925 bem
723 857 862 942 ῧῐείῖῦμ,
881 863 957 926 bem
972 860 998 941 1).
1015 857 1110 937 deice
1123 860 1206 940 aad*

102 945 187 1010 lobea.
234 940 302 1006 Sed
320 943 407 1029 quod
427 942 735 1029 Wn.gr.109.ed.
753 945 805 1026 3.,
829 944 903 1012 11⁵.
924 939 977 1008 ed.
992 943 1026 1011 4.
1047 941 1087 1006 τὸ
1110 941 1206 1030 ἅγιον

101 1025 240 1106 Πνεῦμα
254 1027 405 1109 spiritum
420 1029 484 1097 dio.
506 1031 627 1114 teroem,
657 1028 788 1109 πνεῦμα
811 1024 906 1114 ἅγιον
924 1029 1006 1095 Act.
1029 1028 1125 1097 8.15.
1149 1031 1205 1099 1⁷.
1287 1033 1296 1054 '

97 1113 122 1176 .1
137 1110 215 1181 Gor.
233 1113 284 1191 12,
292 1113 325 1181 3.
341 1121 375 1179 et
391 1115 523 1194 πνεῦμα
535 1114 622 1180 θεοῦ
637 1113 735 1181 Rom.
749 1113 822 1196 8‚o.
835 1114 901 1183 dio.
917 1114 1052 1198 spiritns
1062 1123 1207 1199 ponem,

123 1219 194 1262 acm
209 1201 390 1284 acceperis,
411 1198 528 1281 anteat
540 1219 588 1269 um
601 1203 633 1282 [ν.
645 1199 757 1283 (deific,
778 1200 889 1265 valere
902 1199 1072 1265 contendit
1089 1210 1124 1266 et
1145 1201 1206 1288 qui

101 1218 267 1350 ῦῦὶαενααν
281 1294 441 1371 sequutus
455 1293 509 1350 est
520 1287 709 1370 Horteecioo
731 1283 773 1355 ad
788 1284 876 1373 Epir.
891 1285 985 1366 222,
1007 1283 1045 1352 τὸ
1063 1287 1205 1367 Πνεῦμα

99 1375 256 1433 actarum
266 1369 332 1439 dio.
346 1372 359 1434 i
363 1391 498 1455 pacm,
520 1372 660 1452 Πνεῦμα
673 1371 906 1457 dic..epirttum
923 1390 1017 1456 ccccm
1036 1373 1205 1454 possidear

99 1461 156 1518 aut
168 1453 298 1520 divinoe
309 1477 412 1521 acerne
423 1455 644 1542 particulam,
669 1476 766 1544 qoam
784 1457 873 1546 intur
890 1454 1011 1521 labeus
1032 1456 1204 1523 declarare

97 1541 321 1620 asseveravit,
343 1541 475 1628 minime
491 1543 670 1608 assentior.
713 1540 923 1628 Numquam
945 1537 991 1608 ud
1005 1541 1145 1620 Πνεῦμα
1166 1544 1204 1611 in

97 1623 263 1690 lominum
278 1647 355 1692 vere
370 1627 489 1694 christ.
503 1625 750 1693 animissedcm
765 1648 858 1693 snam
881 1648 1004 1714 ponere
1025 1629 1062 1712 (1
1078 1627 1156 1697 Cor.
1170 1629 1206 1710 3,

100 1712 151 1777 16.
166 1711 247 1776 Gal.
261 1712 335 1792 4,,6.
351 1712 433 1781 Act.
445 1713 566 1794 11144.
586 1715 643 1782 47.
664 1714 729 1792 al.)
748 1721 782 1779 et
801 1712 926 1779 diversi
947 1713 1080 1796 generis
1100 1733 1206 1780 orna»

98 1804 205 1862 menta
221 1796 255 1860 in
271 1800 495 1864 eosconlerre
516 1799 627 1864 soleat
643 1800 684 1880 (1
700 1797 779 1865 Gor.
793 1800 943 1882 12‚11.)‚
970 1798 1082 1864 Lucae
1102 1800 1205 1865 verba

98 1887 178 1950 Act.
211 1882 315 1962 8,17.
339 1885 396 1948 καὶ
421 1881 607 1967 ἒλαμβάνον
634 1886 775 1966 Πνεῦμα
804 1878 899 1968 ἅγιον
928 1883 953 1950 i.
981 1905 1015 1970 q.
1045 1909 1076 1948 κ.
1105 1881 1132 1949 ε’.
1156 1882 1203 1951 τὸ

98 1967 272 2050 Πνεῦμα
289 1965 333 2034 cd
357 1965 477 2054 ἅγιον
495 1970 554 2054 (ei.
569 1969 652 2037 Act.
669 1970 800 2050 10,47.)
821 1968 933 2034 dicere
953 1990 1060 2056 neque
1080 1970 1205 2054 μειιῙΙί-Ι

99 2075 157 2118 νινε
176 2054 341 2118 formulas
355 2047 530 2136 Haeduum
552 2055 657 2140 (θεοῦ
670 2053 767 2122 Rom.
783 2055 894 2136 8,14.)
916 2046 1061 2137 ῦγεσθαι
1076 2052 1154 2122 Gal.
1170 2056 1205 2133 ὅ,

99 2139 170 2219 18.,
193 2137 418 2222 ἔνΠνεῦμαει
432 2141 518 2229 Eph.
532 2140 625 2222 2,22.
640 2147 674 2208 et
689 2141 817 2205 similes
839 2138 1052 2226 loquutiones
1073 2140 1139 2206 nisi
1159 2140 1205 2208 ad

98 2227 200 2311 ipsum
222 2225 379 2314 spiritum
393 2248 429 2293 s.
450 2226 645 2293 referendae
666 2247 742 2292 οεεε
761 2235 913 2376 αρξονεε.
965 2223 1065 2292 Haud
1087 2226 1206 2317 paucis

98 2313 201 2396 igitur
214 2313 242 2379 l.
257 2314 412 2392 Πνεῦμα,
435 2313 498 2377 Πν.
515 2308 628 2398 dyona,
659 2319 694 2376 et
714 2312 778 2376 Πν.
825 2351 859 2386 .,-
880 2311 1035 2397 quoniam
1057 2312 1206 2379 nominis

98 2398 226 2486 proprii
241 2398 305 2462 rim
321 2396 476 2486 adeptum
491 2406 542 2463 est
555 2393 614 2482 (ci.
631 2390 805 2478 Διάβολος
817 2395 895 2464 Act.
906 2397 1036 2478 13,10.)
1050 2398 1206 2466 sincAr·

15 2467 17 2498 *
98 2484 199 2549 ticulo
219 2482 262 2548 de
282 2482 349 2551 div.
371 2484 496 2572 spiritu
516 2488 710 2572 rrsnrpatur.
753 2477 888 2550 Redde:
907 2504 1003 2564 neem,
1023 2483 1057 2548 in
1081 2485 1146 2571 quei
1166 2505 1206 2550 rc
1323 2513 1331 2536 ν

97 2569 184 2654 legis
196 2591 284 2636 mos.
295 2569 474 2636 infirmitas
487 2571 598 2660 posita
619 2576 711 2650 erat,
739 2567 817 2654 quia
835 2569 1031 2654 (quatenus)
1053 2569 1206 2636 imbecil-

97 2656 142 2720 lis
155 2662 229 2721 erat
241 2655 394 2744 eorporis
411 2656 580 2742 (humani)
599 2655 702 2735 nitio,
729 2655 896 2720 damnauit
910 2655 1003 2720 Dera
1017 2653 1205 2738 Peccatum,

16 2789 17 2794 η
99 2763 197 2829 quum
219 2741 326 2807 tilium
347 2763 443 2806 suum
465 2740 614 2806 misisset
634 2739 786 2827 corporis
811 2736 968 2804 Peccatui
989 2741 1206 2827 oppignorati

15 2857 17 2866 a
97 2827 317 2894 similitudine
329 2825 567 2895 circumdatum
589 2847 729 2912 eumque
743 2824 905 2890 Peccatus
924 2829 1025 2892 causa
1044 2827 1207 2910 legasset,
1337 2859 1339 2866 ·

97 2915 277 3000 incorpore
298 2911 497 2998 (humano),
521 2921 559 2979 ut
578 2911 784 2978 absolutoria
805 2910 905 2996 (quae
926 2909 1028 2976 vitum
1050 2915 1207 3012 pararet)

97 2999 183 3084 legis
196 3021 282 3069 mos.
296 3000 461 3066 sententia
476 3007 628 3065 arentum
648 2996 786 3071 haberet
805 2995 840 3062 in
862 2994 979 3078 nobie,
1003 3018 1062 3084 qur
1080 3017 1144 3062 non
1165 3005 1205 3064 ut

15 3083 16 3122 ³
98 3088 250 3176 corporis
264 3085 387 3162 libido,
410 3085 468 3152 sed
491 3084 558 3153 div.
580 3083 723 3174 spiritus
746 3081 924 3172 disciplina
945 3083 1133 3168 postularet
1154 3083 1205 3148 vi·
1280 3153 1283 3161 ι

98 3180 162 3236 tam
179 3169 558 3254 institueremusss’auli
571 3178 604 3236 et
618 3169 719 3236 verba
732 3177 769 3248 et
783 3173 924 3252 mentem
937 3167 1021 3233 bane
1036 3168 1206 3256 exprimas
1287 3242 1292 3248 ,

99 3253 237 3326 duriore
262 3257 514 3329 transferendo:
535 3295 577 3308 --
605 3257 641 3322 in
665 3253 782 3334 nobis,
837 3253 872 3318 ni
892 3273 957 3318 non
980 3254 1205 3338 corporaliter,

99 3341 156 3407 sed
169 3343 611 3434 upiedtecutc'terviveremus).
642 3339 741 3426 Nunc
754 3275 870 3429 paudlo
879 3338 1115 3406 accuratiorem
1130 3361 1207 3406 aaa·

98 3429 277 3496 tentius-um
296 3429 542 3496 enarrationem
563 3447 740 3516 apponam.
795 3422 1002 3510 Explicanda
1022 3430 1075 3491 cst
1097 3422 1205 3491 Paulo
1275 3481 1279 3492 .
1308 3423 1314 3445 “

99 3534 148 3582 vs.
161 3514 195 3580 3.
212 3522 247 3579 et
259 3516 293 3582 4.
307 3514 471 3581 sententia
488 3536 519 3581 v.
535 3513 569 3583 2.
583 3512 771 3594 enuntiata,
793 3510 983 3577 homiuibus
997 3509 1114 3579 christ.
1130 3511 1207 3575 nul-

100 3598 163 3662 lam
179 3598 424 3674 damnationem
442 3599 484 3664 ad
499 3607 637 3664 mortem
652 3596 777 3664 idcirco
790 3586 982 3684 imocndere
996 3599 1044 3678 (v.
1060 3597 1108 3678 l.)
1129 3595 1208 3683 cacia
1268 3598 1269 3601 ’
1321 3629 1324 3638 .

100 3683 152 3748 lex
165 3687 302 3769 spiritus
316 3686 428 3754 uitalis
439 3707 496 3751 εοε
511 3686 546 3750 in
561 3683 691 3753 Christi
702 3683 838 3770 civitate
854 3703 873 3746 a
894 3681 969 3766 lege
985 3678 1148 3746 Peccatns
1169 3687 1208 3748 et
1227 3713 1228 3727 ν

15 3819 16 3844 ,
101 3767 220 3836 Mortis
242 3771 437 3852 liberaverit
457 3772 507 3853 (v.
523 3773 608 3855 2.).,
636 3767 704 3835 ch
725 3769 826 3855 lenem
849 3787 929 3836 mos.
951 3765 993 3830 ab
1015 3765 1208 3832 hominihus

15 3853 16 3922 Ϊ
100 3856 204 3940 legem
217 3853 377 3924 Peccatus
390 3867 425 3926 et
440 3854 561 3922 Mortis
575 3854 745 3942 depellere
758 3850 1147 3954 nequivisse‚neDeus,
1168 3857 1208 3924 ut
1248 3907 1251 3913 .

97 3939 262 4006 'Peccatns
278 3950 312 4008 et
326 3942 449 4008 Mortis
461 3942 526 4010 vim
540 3952 726 4022 everteret,
747 3938 883 4009 Christo
897 3937 1018 4019 misso,
1041 3937 1099 4024 qui
1120 3937 1209 4001 vita·

101 4027 144 4092 lis
159 4029 302 4116 spiritus
317 4029 423 4112 legem
439 4029 574 4113 figeret,
604 4027 676 4108 sine
688 4025 781 4116 justa
796 4023 898 4088 causa
911 4043 1013 4113 riorus
1034 4043 1089 4088 reo
1110 4020 1207 4085 muli·

102 4122 155 4179 tns
170 4137 245 4179 esse
267 4114 455 4194 videretur,
485 4111 657 4178 dicendum
679 4116 764 4178 erat.
808 4105 906 4196 Quod
929 4109 976 4173 ita
992 4105 1034 4177 Ρ.
1053 4106 1207 4198 enuntia·
1257 4153 1262 4160 ·

103 4199 164 4278 vit,
186 4209 223 4264 ut
246 4221 379 4266 coenam
403 4198 558 4279 adderet,
579 4220 639 4264 cur
653 4197 759 4264 Musis
779 4197 834 4274 lex
850 4191 1014 4260 Peccatus
1034 4201 1068 4260 et
1082 4191 1206 4258 Mortis

103 4283 204 4368 legem
218 4285 384 4368 abrogare
395 4307 458 4350 nou
473 4285 651 4373 potuisset.
693 4281 882 4350 scilicaet
896 4278 1054 4352 Peccatus
1068 4289 1101 4344 et
1113 4278 1206 4349 Mor-

104 4371 146 4436 tis
160 4373 209 4437 vis
222 4371 515 4458 exstingueretur,
538 4369 717 4454 Peccatus,
739 4367 861 4436 Mortis
880 4388 1002 4458 parens
1014 4363 1128 4450 5‚12.,
1142 4363 1205 4432 alr-
