2876 5056
139 363 277 434 ··su
424 325 1148 436 nr1srocanoaousnosff
1225 300 1236 327 '

205 476 321 600 v'narres
342 507 548 608 reddidisse,
573 535 611 592 nt
623 531 739 614 postea
753 531 815 592 rud
831 525 1050 594 ienertolentr'd
1068 527 1247 592 inserentur
1262 543 1324 602 ne·

212 637 279 705 qne
292 614 419 717 justum
435 613 694 716 benefactorum
711 613 891 714 mercedem
890 621 1098 764 peportasee
1112 611 1326 678 viderentur:
1424 653 1425 666 η

173 774 179 810 ι
211 723 315 790 quos,
341 723 371 766 sc
387 722 406 763 e
421 699 496 769 Dec
511 719 575 786 non
592 698 737 772 mduratr
752 719 887 786 quume

926 699 1024 764 iidem
1041 699 1182 786 primum
1201 717 1323 763 evoce-

210 795 329 853 rentur
346 785 643 873 Deotparuissent,
669 785 890 870 obsequiosus
906 786 1013 848 videri
1032 787 1183 872 potuisse
1205 791 1241 850 ct
1260 781 1324 846 sud

211 873 337 940 virtute
359 873 500 942 salutem
523 870 674 956 adeptos.
719 873 770 935 At
790 889 829 934 eo
848 867 914 934 line
928 869 1036 935 Deum
1052 867 1325 971 Judeeienpervi·

211 956 335 1024 ruciam
360 955 539 1034 indidisse,
566 962 603 1020 ut
648 976 685 1018 er
704 975 776 1018 enm
796 975 949 1042 paganos.
964 953 1078 1021 lreeret
1091 975 1267 1044 persprcue
1284 951 1326 1018 P.
1410 951 1426 994 'f

106 1055 109 1074 ¹
212 1043 301 1110 dixit
320 1041 490 1109 v.‘11.28.
505 1041 571 1108 3⁰..
653 1039 750 1122 einde
769 1041 976 1104 constantiae
996 1049 1107 1121 esset,
1136 1040 1325 1116 haic‘inter-
1425 1059 1426 1068 ¹

144 1171 147 1176 ,
211 1130 399 1219 pretatione
420 1127 453 1190 in
476 1145 607 1192 versum
624 1125 681 1192 30.
701 1125 871 1192 annelat·
889 1127 938 1190 sic
959 1127 1173 1193 existimare:
1210 1125 1324 1192 Deum

197 1216 313 1282 ‘ctiam
329 1213 473 1295 gentiles
486 1211 547 1276 lnic
562 1219 669 1276 mente
684 1207 896 1289 occaecans,
924 1221 962 1278 ut
981 1211 1094 1278 diuinet
1116 1210 1325 1296 benipnitute,

211 1321 277 1366 non
299 1300 371 1364 suis
391 1297 474 1362 benc
494 1295 592 1360 lectis
613 1305 784 1360 aeternam
807 1296 1000 1362 felicitatem
1023 1296 1222 1384 consequuti
1245 1315 1325 1358 esse

163 1409 171 1434 ¹
206 1383 418 1452 uiderentur.
470 1381 597 1448 Verum
619 1381 707 1446 enim
727 1403 806 1446 vero
821 1381 930 1446 Deum
948 1390 1159 1446 contumaces
1180 1381 1326 1464 gentiles

212 1471 409 1538 Jrrdneorum
429 1466 652 1547 contumacia,
682 1467 872 1553 pervicaces
895 1465 1043 1534 ludaeos
1061 1466 1232 1552 prutilium
1251 1464 1326 1530 obe·
1424 1473 1427 1556 ',

211 1555 336 1622 utentis
356 1554 525 1636 corrigere
546 1557 781 1638 correctosque
793 1552 902 1618 heere
920 1553 1067 1618 voluisse
1081 1550 1193 1640 planis
1209 1550 1326 1616 verbis
1426 1563 1427 1618 l

71 1670 75 1680 ⁵
212 1639 387 1728 apostolus
409 1659 439 1706 v.
453 1637 620 1706 su-32,
633 1635 759 1704 docuit.
801 1636 853 1704 Ut
871 1636 905 1702 id
928 1637 1024 1702 lieret
1044 1633 1325 1724 utrosqueeDeo
1426 1675 1427 1682 ι

211 1724 416 1792 indurandos
434 1722 540 1788 luisse
559 1723 591 1786 in
613 1731 746 1810 promtu
764 1728 831 1791 est.
874 1721 994 1810 Neque
1013 1722 1157 1805 gentiles
1177 1717 1326 1790 Iudaeo-

211 1830 284 1876 rum
306 1808 511 1874 contumacirl
532 1806 702 1872 emendari
723 1808 930 1894 potuissent,
958 1810 1024 1872 nisi
1044 1809 1139 1895 previ
1157 1813 1217 1871 aut
1236 1807 1326 1870 tales

210 1894 440 1976 exstitissent,
470 1893 591 1980 qrribus
622 1894 851 1958 emendatione
879 1916 962 1981 opus
990 1902 1098 1974 esset,
1133 1913 1241 1978 neque
1264 1889 1326 1958 Ju-

211 1982 369 2047 dneorum
392 1978 596 2044 contumacia
616 1978 791 2060 gentilium
809 1977 999 2044 obedientiis
1019 1977 1131 2044 sanari
1145 1977 1327 2078 potuisset,
1427 2008 1428 2040 l

212 2067 280 2132 nisi
301 2065 504 2131 contumacisi
526 2084 638 2129 eorum
660 2064 782 2128 animis
806 2063 930 2144 indita,
967 2064 1021 2128 cui
1043 2063 1205 2128 medicans
1228 2060 1325 2126 adiri-
1427 2047 1428 2074 ³

211 2153 319 2220 isende
334 2158 438 2218 esset.
480 2145 654 2216 Postremo
671 2147 730 2231 P„
753 2156 789 2213 ut
799 2147 954 2240 judaicae
968 2149 1087 2236 stirpis
1102 2147 1327 2228 Christianos,

213 2259 298 2328 quos
318 2236 429 2320 gentis
447 2233 601 2323 judaicae
625 2256 700 2298 sors
721 2235 887 2300 sollicitos
902 2235 1054 2314 heberet,
1080 2235 1326 2314 consolaretur,
1427 2259 1428 2262 ¹

211 2330 284 2390 toto
298 2323 408 2408 capite
422 2342 486 2384 non
503 2321 562 2384 hoc
575 2321 663 2402 egit,
686 2328 723 2383 ut
736 2319 846 2384 Deum
866 2321 1058 2386 universum
1079 2341 1186 2404 genus
1208 2319 1326 2382 hunro-

115 2431 119 2442 ’
213 2429 291 2474 num
321 2403 603 2472 benevolentia
631 2403 808 2468 audactum
831 2405 1004 2470 tenturam>
1023 2426 1100 2470 esse
1121 2403 1327 2501 ostenderet,

212 2493 271 2560 sed
287 2509 360 2557 eum
375 2486 522 2568 Iudaeos
537 2509 601 2553 non
618 2489 725 2554 minus
740 2511 839 2576 quern
852 2489 997 2572 gentiles
1013 2489 1159 2556 benevole
1181 2489 1327 2556 beatu·
1428 2553 1429 2570 ,

212 2599 297 2646 rum
319 2595 394 2640 esse
416 2573 669 2642 demonstravit.
719 2571 837 2661 ltaque
853 2565 1026 2640 ἐλεεῖσθαι
1040 2597 1072 2642 r.
1083 2575 1139 2642 30.
1154 2581 1189 2639 et
1200 2575 1257 2642 31.
1272 2574 1326 2638 de-

212 2659 513 2748 neoolex(benevolsi
531 2661 652 2724 salutis
676 2661 863 2726 messianus
884 2659 1070 2741 oblatione)
1092 2657 1228 2740 beeri,
1258 2679 1324 2722 non
1428 2718 1429 2734 ,

215 2746 406 2815 benevole
433 2743 652 2830 (benevola
674 2751 713 2810 et
734 2767 853 2833 quum
875 2745 1031 2811 uirtute
1058 2749 1130 2811 tart
1160 2744 1325 2808 minime
1428 2749 1429 2814 ἶ

213 2831 478 2916 exprcpnurie
500 2851 647 2894 summae
667 2829 789 2894 salutis
810 2829 994 2912 oblatione)
1010 2829 1101 2896 beari
1113 2828 1262 2896 denotat.
1282 2864 1325 2877 -

214 2917 380 3005 Perplexa
405 2913 501 2987 Pauli
524 2914 709 2994 sententia,
739 2913 849 2980 Deum
893 2935 1073 2997 aganorum
1095 2915 1244 2987 renisum
1267 2913 1325 2981 Ju-

212 3005 369 3070 dneorrnn
389 2995 594 3066 contumacia
619 3000 818 3081 sustulisse,
876 3001 1057 3066 udaeorunr
1084 2998 1323 3065 contumaciam

165 3189 169 3206 ·
208 3083 1325 3258 tltttttllll,35,llllmattnl'tntllllltln

212 3265 252 3324 ut
267 3255 398 3322 Titium
421 3253 573 3319 emendet
584 3254 692 3324 Jndae
711 3255 856 3322 animum
876 3255 1054 3344 depravet,
1075 3265 1110 3320 et
1122 3253 1232 3323 Judee
1249 3275 1325 3320 eon-

212 3343 291 3409 silie
308 3349 500 3426 corrumpet
521 3347 558 3404 ut
573 3339 679 3408 indae
696 3341 862 3406 insaniem
876 3339 965 3406 Titii
987 3345 1131 3406 sanitate
1152 3333 1326 3424 corrigat?

212 3429 286 3498 Aut
307 3429 367 3512 qul
389 3424 548 3512 optimam
571 3447 690 3490 numen
711 3426 811 3490 elteri
832 3449 991 3492 summum
1014 3425 1207 3492 lclicitatenr
1250 3431 1327 3490 aret

148 3581 150 3588 ,
212 3511 356 3579 ulterius
380 3503 508 3574 exitio?
549 3513 611 3575 ut
632 3512 741 3576 minus
763 3511 921 3598 impedita
945 3535 999 3576 res
1022 3520 1132 3594 esset,
1166 3447 1261 3578 sid.
1285 3512 1326 3576 de

212 3599 343 3664 duobus
359 3595 547 3676 bominibus
562 3597 704 3682 loquens
717 3595 826 3660 Deum
843 3605 879 3661 nt
895 3605 1072 3683 utramque
1090 3605 1167 3662 arcte
1186 3603 1324 3663 mortem

212 3683 404 3750 emendaret
418 3679 516 3744 unius
530 3681 782 3768 perversitatem
799 3679 941 3747 alterius
959 3682 1215 3770 depravatione,
1241 3685 1325 3746 elte-

214 3772 287 3836 rius
311 3765 552 3854 turpitudinem
573 3765 666 3834 illius
688 3767 787 3830 innius
801 3767 974 3833 honestate
991 3769 1170 3832 sustulisse
1187 3767 1326 3833 diceret.

215 3859 267 3922 At
286 3853 430 3940 gentiles
451 3859 487 3916 et
503 3849 642 3933 Iudaei,
669 3851 711 3915 de
734 3851 944 3956 quibus'Ap.
959 3851 1130 3940 disputet,
1156 3852 1324 3918 hominnm

214 3961 350 4026 corpora
365 3943 461 4016 sunt,
484 3958 623 4023 quorum
640 3937 785 4002 membre
799 3937 944 4022 singulas
958 3940 1126 4005 aetatibus
1143 3938 1326 4017 intereunt,

214 4033 252 4092 ut
267 4045 349 4090 nove
365 4044 450 4118 quac
464 4024 690 4090 succreverint
702 4021 847 4088 membra
860 4029 1151 4090 intermortuarum
1162 4025 1325 4088 membro·

215 4133 288 4176 rum
308 4109 417 4174 locum
437 4116 614 4196 occupent,
649 4109 737 4174 sicut
755 4109 936 4197 pleraeque
960 4109 1100 4182 arbores
1125 4127 1325 4198 unoquoque

182 4229 184 4234 ·
214 4217 293 4262 vere
313 4195 396 4258 norit
418 4193 533 4260 ironde
552 4195 752 4261 vestiuntur.
794 4193 870 4262 Jaur
890 4197 1016 4282 Derim,
1035 4204 1081 4260 ut
1101 4216 1159 4258 eos
1180 4195 1324 4280 denique

215 4279 406 4346 emendaret
426 4277 682 4366 emendatosque
705 4281 836 4363 beonet,
851 4282 922 4368 ,qui
943 4280 1152 4348 sanctuni
1172 4280 1214 4344 de
1235 4279 1326 4344 coelo

216 4369 250 4433 in
274 4369 388 4431 orbem
410 4371 574 4430 terrarum
597 4367 739 4436 reditum
759 4387 962 4453 paganorum
981 4375 1015 4431 ct
1029 4365 1233 4434 Janlaeorum
1253 4386 1326 4429 cor-

1268 4472 1324 4537 1³⁰·
