2814 5056
24 159 34 174 a
140 168 150 212 p
178 129 183 146 ἢ

266 295 274 310 ’
402 367 405 370 ·
532 333 794 429 enarr(
879 350 885 367 “
1136 321 1209 421 em
1331 394 1344 414 ,

91 515 210 584 christ.
231 512 394 602 debitam,
422 505 768 668 puumcudivissont,
798 535 857 582 sua
881 515 989 583 Deum
1011 511 1151 584 consilia
1166 505 1205 578 id

92 624 139 682 re,
164 621 250 688 quae
260 602 427 668 alterisdo
444 623 545 688 ocem,
566 603 684 670 alteris
698 603 831 670 nimiam
847 601 1010 668 laetitiam
1024 607 1204 687 apportare
1343 626 1346 638 ·

91 697 226 776 posset,
247 707 312 753 non
327 689 395 756 alio
408 687 593 774 direxisse,
613 690 680 759 nisi
695 698 733 756 ut
746 703 853 754 omnes
868 687 1017 754 homines
1033 704 1093 772 per
1106 683 1206 752 Chri-

92 781 180 838 stum
213 772 331 858 felices
360 775 529 850 redderet.
584 770 653 842 Sed
688 773 906 850 uerisimilius
938 778 1010 853 est,
1028 846 1032 856 ¹
1052 768 1206 852 Paulum,
1314 787 1331 802 ‘
1391 777 1392 812 l

90 877 191 1012 puum
213 857 257 924 alt
277 859 412 941 amieis,
439 861 498 948 qui
518 856 642 926 Romae
665 859 832 941 viverent,
853 877 1006 924 aversum
1025 857 1206 923 multorum

115 943 295 1036 udaeorum
325 966 345 1010 a
374 944 509 1013 Christo
538 946 681 1012 animum
705 942 862 1036 judaicae
890 942 1008 1046 stirpis
1034 940 1207 1008 Romanus

90 1049 239 1130 pungere
264 1038 299 1095 et
325 1030 477 1104 solicitos
500 1029 837 1138 'liaberenharlr'arae
859 1027 982 1130 stirpis
1001 1024 1206 1098 Christianis

91 1109 1207 1285 tttttttttfatttttetttt'tttttttltttttlt

90 1282 299 1351 concordiam
326 1295 361 1352 et
384 1287 540 1376 pietatem
567 1285 726 1379 adjuvare
752 1286 918 1368 voluisse,
949 1307 1049 1373 quum
1076 1290 1206 1373 tempo·

90 1369 182 1444 raris
200 1362 377 1458 multorum
394 1371 596 1442 ludaeorum
610 1370 792 1463 rejectione
812 1371 897 1440 nihil
917 1369 1026 1438 Deum
1044 1366 1207 1455 consequi

89 1455 196 1539 velle,
216 1455 284 1522 nisi
296 1463 335 1522 ut
350 1480 465 1524 omnes
480 1458 623 1545 donique
637 1479 697 1547 per
712 1455 883 1526 Christum
902 1455 1055 1538 beentur,
1072 1475 1206 1543 compe-
1269 1513 1275 1522 ,
1351 1459 1394 1507 -3

89 1538 232 1614 cissent.
280 1540 390 1609 Multo
416 1551 526 1610 tameo
555 1543 661 1630 inagis
682 1543 870 1631 Apostolus
891 1541 927 1610 in
954 1539 1105 1609 levandis
1127 1537 1206 1628 jud.
1276 1570 1283 1590 ‚

88 1626 237 1692 notionis
256 1623 480 1712 Christianis,
507 1650 604 1720 quam
627 1629 662 1704 io
677 1625 895 1695 admonendis
909 1627 1071 1694 barbarae
1084 1623 1206 1713 stirpis

88 1709 251 1780 Romanis
264 1719 453 1802 'occupatus
469 1730 534 1801 est.
584 1711 673 1798 Nam
687 1712 808 1782 multis
829 1715 942 1782 verbis
960 1711 995 1779 in
1017 1713 1111 1780 illam
1134 1730 1205 1775 rem
1301 1727 1303 1735 ’

90 1797 190 1864 lactis
202 1800 470 1883 9,1.-11,1o.‚
496 1801 683 1883 Romanos,
730 1799 765 1866 ui
778 1799 1033 1884 autcogsntilcs
1048 1797 1206 1878 luissent,
1238 1805 1243 1811 '

93 1903 134 1948 ne
148 1881 217 1986 Ilei
231 1884 577 1980 benignitate'tsmere
590 1821 850 1987 inflatidudapos
864 1888 1075 1988 contemnant
1089 1881 1208 1984 paucis
1223 1950 1225 1956 ,

89 1966 470 2144 tt‘t‘ttttttftttl
483 1969 1207 2146 §letto{tetltttttttttttt‘ttt

10 2155 11 2188 n
89 2135 738 2224 oehebm,eouneiatione11,25.29..
782 2142 939 2212 Ceterum
952 2139 1156 2231 Apostolum
1171 2146 1238 2240 ⁰91

90 2222 181 2290 bere,
191 2235 427 2314 praeparatum
448 2227 491 2294 ad
509 2228 596 2296 huao
613 2230 720 2296 locum
752 2229 935 2295 accessisse
956 2248 1065 2314 neque
1085 2225 1208 2290 minore

90 2329 165 2375 eum
180 2311 400 2390 emolumento
413 2313 573 2379 Romanis
588 2335 662 2379 esse
676 2313 929 2400 volonissequam
945 2309 1208 2404 praecedentem,
1298 2329 1304 2342 ’

92 2393 333 2484 disputationis
348 2395 524 2467 Paullinae
540 2397 715 2482 diligentia
727 2405 761 2469 et
776 2398 950 2472 subtilitas
965 2398 1078 2480 docet,
1115 2403 1152 2462 ut
1180 2395 1208 2464 ii

91 2479 274 2566 fallantur,
300 2482 358 2571 qui
377 2485 562 2571 (Thaletem,
590 2485 739 2567 Koelln„
765 2483 845 2553 dW.
858 2486 922 2571 ah)
939 2481 1131 2556 est-11.
1144 2501 1207 2570 ap·
1286 2521 1295 2530 -

87 2564 260 2655 perdicem
281 2589 499 2658 praegressas
519 2568 1020 2660 disputationi.l,17.a-8,39.
1042 2568 1205 2659 adjectam
1261 2577 1266 2584 “

88 2651 261 2720 continere
280 2653 475 2744 perhibent
519 2649 640 2727 Potest
661 2655 782 2723 ita-iis
804 2654 930 2746 videri,
959 2657 1018 2746 qui
1041 2653 1138 2721 Pauli
1161 2651 1206 2718 sd

90 2735 190 2804 Rom.
210 2737 331 2806 literas
343 2737 472 2807 doctam
494 2737 536 2807 de
555 2737 616 2830 τῆς
631 2736 864 2829 δικαιοσύνης
893 2763 979 2844 quae
993 2738 1060 2809 fide
1072 2759 1206 2827 compa-

88 2821 204 2906 retur,
224 2821 412 2926 rationibus
432 2825 749 2932 commentationem,
772 2846 838 2892 non
859 2828 1036 2978 epistolam
1049 2823 1208 2930 csse‘sipi

88 2907 419 3094 t0‘3333t2ttt2
432 2909 1207 3096 ttttttttltltttnesttett'dttt

89 3015 258 3166 voluisse,
292 3078 379 3168 qrcod
408 3081 586 3171 promissis
636 3081 735 3170 opulo
759 3079 892 3172 judaico
914 3081 1083 3150 datisnoo
1104 3081 1208 3148 satis-

88 3164 247 3253 fecisset,
268 3186 369 3254 quum
381 3165 543 3268 permulti
555 3164 600 3235 Ju
624 3166 677 3232 aei
691 3164 756 3233 lide
774 3164 909 3234 Christo
924 3166 1086 3255 denegata
1099 3165 1206 3233 besti-

89 3249 204 3316 tatiss
250 3273 280 3316 rn
294 3251 483 3340 perdidisse
497 3251 710 3334 ¹viderentur,
737 3258 951 3320 autumarent
971 3256 1020 3342 (v.
1037 3253 1206 3319 lleichium

87 3271 268 3487 idad}
300 3337 360 3404 sed
389 3345 546 3406 errarunt
571 3343 695 3406 tamem
744 3335 832 3404 Sane
861 3335 903 3410 P.
922 3339 1093 3406 nonnullis
1120 3338 1205 3404 locis

86 3419 202 3486 Deum
244 3421 387 3506 stendit,
415 3430 454 3489 ut
474 3423 531 3512 qui
552 3421 740 3512 injustitiae
760 3423 884 3490 crimen
904 3424 956 3490 ah'
970 3448 1011 3492 eo
1030 3423 1206 3514 propulset

88 3507 187 3574 914.
199 3528 269 3594 sap,
295 3510 478 3611 clementer
493 3530 567 3576 eum
587 3507 708 3609 fecisse
720 3503 854 3611 moneat
866 3509 963 3591 9,22.
977 3534 1029 3598 sq.
1042 3509 1204 3596 initisque

87 3560 129 3674 sl>
155 3611 198 3656 oo
224 3595 375 3661 consitus
410 3594 495 3661 uchel
521 3595 708 3684 sapientius
739 3594 823 3680 linge
846 3617 945 3684 posse
974 3597 1128 3664 observet
1149 3597 1204 3675 ll,

85 3675 142 3746 25.
154 3698 224 3764 sq..
267 3677 336 3745 Sed
356 3679 442 3745 nihil
463 3678 604 3764 Paulum
629 3679 666 3750 ln
687 3679 714 3748 1.
735 3679 867 3746 effioero
888 3682 1055 3769 voluisse,
1084 3680 1151 3746 nisi
1167 3687 1205 3746 ut

85 3761 157 3827 Dei
191 3761 347 3848 instituta
381 3764 656 3847 defenderentur,
689 3774 759 3830 tum
785 3762 916 3832 demum
949 3766 1041 3834 credi
1077 3774 1204 3855 posset,

88 3868 192 3934 quum
221 3856 344 3933 suum,
372 3872 469 3937 quem
498 3874 517 3917 e
545 3848 638 3918 tristi
664 3848 867 3919 ludaeorum
896 3852 1084 3918 conditione
1111 3869 1206 3920 aces-

85 3933 215 4021 pis'set,
242 3933 394 4000 dolorem
423 3936 595 4026 praefatus
623 3935 710 4002 nihil
736 3935 793 4014 ote
822 3935 888 4003 nisi
910 3936 979 4004 Dei
993 3937 1042 4004 'de
1064 3925 1204 4006 Iudaeis

13 4087 14 4112 ,
86 4022 187 4107 copta'
227 4019 369 4086 consilia
405 4021 615 4126 justissima,
665 4019 941 4106 clementissima,
992 4021 1205 4112 sapientissi-

13 4149 14 4178 ,
86 4124 138 4168 ma
168 4112 204 4171 st
233 4105 299 4172 toti
326 4105 494 4175 hommum
523 4105 640 4194 generi
671 4105 891 4174 saluberrima
921 4127 996 4176 esse
1026 4106 1204 4175 ostendero
1295 4191 1298 4195 ἱ

13 4185 14 4252 ζ
86 4195 278 4259 conaretur.
331 4193 384 4260 At
411 4214 484 4279 eum
508 4189 664 4282 judaicae
694 4190 813 4282 stirpis
849 4193 1017 4261 Romanos
1052 4194 1204 4262 consola·
1244 4229 1247 4240 ι
1341 4278 1345 4285 “

46 4327 54 4344 ,
86 4273 176 4341 tione
199 4275 306 4341 lenire
327 4278 467 4344 maxime
488 4278 638 4346 voluisse¹
657 4278 761 4344 multa
780 4278 853 4344 loca
875 4277 996 4346 docent
1015 4283 1048 4362 9,
1068 4279 1125 4350 30.
1147 4300 1202 4368 sq·

85 4359 512 4467 11,1.11.‚25.28,29..
562 4361 742 4432 Praeterea
768 4362 935 4433 barbarae
959 4363 1081 4457 stirpis
1103 4364 1204 4436 chri.
1334 4405 1346 4427 ,
