2824 5054
106 327 112 346 ί
201 329 267 462 aaa
417 385 708 465 urrsuoun
735 333 1113 459 cenomanos

201 551 385 620 ἄπιστοι
396 546 555 621 ’Iovdcioc
571 555 605 636 ct
622 545 723 638 σκεύη
737 547 851 626 ἐλέους
865 547 951 616 luda
975 549 1012 615 os
1026 556 1061 616 et
1077 551 1233 636 gentilos,
1280 555 1319 620 ni
1399 635 1400 644 ἵ

202 637 339 708 Christo
353 635 452 703 tidem
468 635 692 728 adjunxerint,
720 642 836 700 notent
846 565 991 722 (Otryl,
1015 635 1206 723 tremant,
1228 575 1321 720 eills„

201 723 348 808 Meyer.)
362 722 513 791 credunt.
554 719 673 826 licque
687 721 807 800 enim-e
824 717 1008 832 Pharaonis
1024 723 1164 788 historici
1185 723 1225 792 Ρ.
1243 724 1276 791 b.
1292 727 1320 794 l.

199 804 618 966 tilttlttttnitt
635 807 787 979 titii}
798 806 1242 974 tt¹tlttt¹3⁶tt'·.it.t
1257 811 1343 959 ίῖέ

6 985 8 992 ’
128 1039 133 1050 .
200 981 506 1070 quoniamconsilia
522 1000 581 1068 per
593 985 805 1044 transennam
819 979 1335 1128 ostendissentbquacblessiae¹

200 1065 407 1154 temporibus
426 1067 461 1130 in
482 1063 601 1131 summi
621 1063 771 1128 beneticii
791 1063 1029 1130 distributione
1079 1075 1145 1130 cns·
1160 1087 1197 1134 se
1214 1066 1321 1131 initu·
1366 1077 1371 1083 '

200 1171 275 1219 rurn
290 1173 365 1217 esso
381 1150 627 1230 denuntiasset,
649 1151 692 1214 ab
708 1151 778 1236 Ap.
793 1150 896 1230 allata
910 1147 1012 1236 sonti
1040 1149 1135 1236 Quae
1152 1172 1252 1237 qrrrrrn
1270 1152 1320 1216 ita

73 1258 78 1266 “
201 1239 289 1319 sint,
317 1237 344 1303 ii
364 1243 539 1317 errarunt,
568 1235 626 1322 qui
648 1232 807 1323 apoduein
830 1235 945 1300 deesse
964 1242 999 1300 et
1012 1238 1212 1301 anacolutbo
1232 1238 1332 1306 bunc»

201 1325 228 1392 l.
249 1324 404 1388 laborare
423 1321 551 1412 opinati
573 1327 662 1388 surii.
705 1320 777 1384 lmo
792 1319 892 1408 plena
908 1325 942 1384 et
959 1320 1107 1404 legitima
1125 1322 1283 1409 periodus
1298 1343 1319 1386 a

91 1407 95 1416 ’
200 1429 234 1478 v.
249 1407 305 1476 22.
328 1429 435 1496 usque
455 1408 497 1472 ad
519 1407 617 1471 finem
642 1427 690 1472 vs.
705 1407 759 1473 26.
782 1406 944 1486 volvitur,
974 1427 1039 1491 quo
1053 1408 1318 1494 percontationis

200 1494 332 1578 signum
352 1493 467 1582 rejeci.
516 1490 743 1569 θέλων-’τὸ
769 1487 908 1554 δυνατὸν
930 1489 1049 1578 αὑτοῦ]
1080 1494 1260 1557 Alluditnc
1275 1494 1319 1557 ad

199 1581 302 1647 'verba
314 1600 414 1645 versu
431 1581 484 1644 17.
497 1597 537 1664 ex
554 1575 660 1643 Exod.
676 1577 773 1655 9,16.
791 1577 911 1656 citata,
933 1577 1054 1664 quibn's
1071 1577 1166 1642 Deus
1182 1579 1318 1664 aliquos

90 1697 140 1733 ,·
199 1663 352 1730 homines
372 1660 810 1732 contumaces.redditurunr
832 1681 926 1741 csse,
949 1662 1005 1747 qui
1025 1661 1088 1726 tide
1104 1662 1243 1728 Christo
1257 1685 1318 1728 ne·
1402 1671 1403 1748 ξ

200 1751 280 1835 gatti
303 1749 419 1815 miseri
435 1749 574 1832 fierent,
603 1754 641 1812 ut
665 1747 709 1810 iis
729 1743 911 1830 perdendis
937 1748 1007 1811 irae
1031 1769 1112 1812 suae
1134 1749 1319 1836 procellam
1402 1753 1403 1768 ¹

199 1835 431 1901 manifestaret
449 1839 484 1897 et
502 1840 595 1898 suam
619 1833 803 1897 declararet
817 1833 1015 1918 potentiam,
1044 1855 1121 1898 soce
1147 1825 1318 1898 Pharaoni

106 1917 112 1930 '
200 1914 291 1986 dicti
307 1920 412 1988 Paulo
421 1918 535 2010 judice
550 1919 684 2005 oblique
705 1917 924 1985 denuntiavit.
967 1917 1178 1984 Discimuse
1199 1921 1320 1984 nerbo-

7 2009 10 2016 ‘
111 2057 115 2064 «
200 2028 275 2072 rum
302 2007 456 2090 ubertate
490 2001 706 2080 ἐνδείξασθαι
741 2001 812 2085 τὴν
844 1997 1058 2088 έργῆν’καί
1087 2003 1250 2090 γνωρίσαι
1275 2004 1317 2068 τὸ

101 2115 103 2121 ’
201 2091 340 2158 δυνατὸν
368 2087 489 2166 αὐτοῦ,
520 2089 584 2176 quei
605 2107 707 2156 ‘avoca
740 2089 843 2154 ν.17;
869 2085 963 2164 ὅπως
987 2084 1185 2170 ἐνδείξωμαι
1207 2088 1240 2153 έν
1260 2094 1323 2155 ooi·

200 2168 273 2261 τῆν’
295 2171 475 2257 δύναμίν
495 2197 561 2252 μου
577 2173 806 2253 illustrantur,
830 2167 972 2236 Padlnm
989 2194 1019 2238 v.
1039 2175 1089 2241 17.
1106 2167 1165 2257 τήν
1178 2168 1320 2255 δύναμιν

199 2261 261 2325 τοῦ
284 2261 370 2326 θεοῦ
392 2281 464 2324 eam
487 2257 732 2338 intellexisse,
750 2279 846 2343 qnam
870 2257 965 2322 Deus
994 2257 1043 2322 iric
1070 2279 1318 2346 poenarumque

199 2342 567 2438 irrogatione,(l‚18.i
599 2342 632 2406 in
668 2345 857 2431 pervicaces
895 2342 1319 2430 bominescxpronrturus

147 2499 150 2514 ¹
201 2440 304 2496 esset.
350 2428 568 2514 Participium
590 2424 702 2492 θέλων
722 2427 895 2514 periodum
918 2425 1122 2515 ducit,quia
1141 2432 1171 2494 in
1191 2437 1230 2494 e'o
1246 2431 1317 2517 p'ri-

167 2536 169 2544 ’
202 2517 306 2581 maria
329 2513 513 2580 sentciitiae
534 2513 626 2578 notio
649 2518 771 2596 est-(v.
786 2513 900 2580 Herm.
919 2514 959 2575 ad
978 2513 1081 2602 Septi.
1097 2515 1203 2602 Ajcv.
1219 2515 1316 2583 1113.

200 2609 236 2665 et
251 2599 399 2669 Con'ect.
414 2619 485 2664 mea
500 2599 525 2665 l.
540 2601 598 2680 a).
642 2595 807 2662 Nimirum
825 2619 888 2661 non
905 2599 1038 2664 illustre
1058 2599 1149 2664 lleus
1164 2601 1317 2665 lenitatis

200 2687 280 2752 suae
325 2692 530 2760 crumentum
552 2683 614 2746 boc
635 2676 702 2748 rino
722 2682 890 2762 dedisset,
912 2684 998 2779 qnod
1019 2686 1168 2749 homines
1182 2687 1222 2747 ad
1241 2707 1317 2774 per-

108 2807 110 2815 v
199 2772 320 2838 niciem
335 2769 521 2836 destinatos
540 2768 714 2854 admoddm
744 2768 956 2849 indulgenter
979 2771 1125 2836 tulisset.
1175 2769 1263 2836 Nam
1288 2774 1318 2835 si
1402 2811 1405 2826 ι

199 2859 326 2923 nullam
340 2855 709 2934 rationembabuissct,
732 2875 816 2940 quae
833 2853 984 2918 scrnrendi
1000 2856 1157 2943 supplicii
1169 2857 1224 2922 vel
1247 2877 1316 2921 rna-

198 2943 475 3010 turationern'vel
495 2937 995 3040 retardationem‘postulasset,
1022 2941 1162 3029 perinde
1186 2942 1218 3006 ei
1242 2965 1316 3008 esse

82 3034 96 3042 “
176 3021 182 3035 ’
200 3029 385 3118 potuisset,
407 3023 519 3091 utrum
537 3025 647 3090 serius
663 3045 704 3088 an
719 3046 811 3089 ocius
827 3025 1026 3110 supplicium
1041 3035 1199 3108 sumeret,
1222 3027 1317 3092 dum-

198 3114 296 3180 modo
316 3114 351 3178 id
371 3111 549 3199 propositi*
565 3131 689 3174 memor
716 3109 894 3196 aliquando
923 3120 1080 3178 sumeret.
1131 3116 1183 3177 At
1211 3115 1319 3178 voluit

199 3202 295 3270 Deus
310 3198 489 3263 obstinatis
506 3195 696 3260 bominibus
713 3196 909 3278 gravissimo
925 3196 1101 3282 puniendis
1121 3198 1205 3262 iram
1223 3221 1317 3264 suam

201 3281 437 3368 ostenderex'et
457 3287 615 3382 quantum
637 3283 752 3368 posset
772 3277 960 3362 declarare,
981 3285 1068 3368 quod
1090 3285 1319 3349 consiliumet

197 3390 319 3458 poenae
330 3369 563 3454 ,irreputrorrem
578 3372 760 3430 mertiorurct
776 3366 917 3434 invitare
937 3389 1010 3432 enm
1032 3368 1157 3436 debuit.
1202 3369 1318 3434 Enim-

89 3493 93 3508 .
200 3471 491 3540 vero'qocmqucm
510 3449 690 3537 perdendis
706 3453 900 3516 bominibus
918 3451 1149 3540 ariperniciem
1167 3453 1318 3528 destina·

200 3541 247 3605 tis
265 3541 349 3604 iram
373 3535 549 3602 ostendere
569 3542 601 3599 et
623 3537 807 3624 patefacere
830 3535 1010 3622 polentiam
1035 3563 1127 3606 suam
1148 3541 1315 3616 Deusvo-

198 3625 283 3705 luit,
314 3622 489 3688 admodum
519 3629 629 3686 tamen
651 3622 860 3701 indulgenter
883 3628 1054 3709 (tanquam
1077 3625 1131 3689 sui
1155 3624 1319 3698 commodi

200 3710 341 3794 oblitus)
362 3708 511 3772 bomines
530 3705 571 3784 ad
592 3707 730 3771 exitium
747 3707 931 3772 destinatos
952 3711 1031 3774 tulit
1047 3731 1171 3797 poenae
1187 3713 1318 3796 irroga-

198 3795 289 3862 tione
304 3792 549 3883 procrastinatio
564 3797 597 3856 et
613 3814 709 3880 qnam
724 3799 819 3858 esset
831 3795 974 3860 clemens
997 3795 1056 3860 bic
1073 3795 1232 3882 sripplicii
1248 3807 1318 3860 tar·
1400 3863 1405 3872 ,

71 3899 77 3918 “
199 3879 305 3945 ditate
318 3878 452 3964 egregie
468 3869 591 3945 docuit.
637 3874 824 3962 Quids'tmo
837 3888 971 3945 vertunt
985 3879 1038 3967 ναί
1055 3881 1151 3946 ootro't
1165 3881 1316 3962 (Reiecit,

183 3963 374 4049 Μένωνι,
392 3965 415 4028 d
422 3963 468 4031 W.
481 3967 543 4045 al.)
557 3963 755 4027 senteutiam
770 3964 932 4050 perdunt,
961 3966 1229 4052 quandoquidem
1247 3965 1317 4032 Dei

198 4052 250 4116 ira
264 4060 299 4116 et
321 4049 470 4137 potentia
490 4069 611 4134 poenae
629 4049 824 4132 irrepotione
846 4050 1096 4128 manifestatur,
1118 4073 1182 4116 non
1198 4052 1318 4136 magnii

199 4133 515 4221 indulgentii,'quai
532 4133 564 4196 in
583 4133 730 4198 homines
745 4141 953 4214 contumaces
969 4136 1026 4203 sit.
1069 4135 1202 4219 Meyeri
1216 4159 1318 4221 argu·

183 4228 366 4304 mentum,
420 4219 455 4284 ui
473 4219 585 4284 aeter
604 4218 680 4304 quio
701 4217 799 4284 coiecit
818 4221 1072 4286 convertendum
1093 4242 1168 4286 esse
1191 4221 1318 4302 evoco.

198 4305 308 4390 v.23.,
327 4241 477 4370 caelia
505 4298 671 4390 γνωζιίσι
717 4302 756 4381 (i.
778 4325 812 4389 q.
832 4307 889 4370 καὶ
908 4305 1048 4370 θέλων
1074 4305 1318 4394 γνωρίσαι),

64 4406 76 4418 “
151 4404 155 4412 “
198 4411 285 4479 quae
303 4389 416 4458 verbis
435 4387 547 4456 θέλων
570 4425 613 4438 -
627 4327 842 4461 ένίείξασθαι
857 4425 901 4466 ·-,
917 4392 975 4457 καὶ
992 4388 1153 4480 γνωρίσαι
1166 4406 1320 4543 τοὲροιι-

328 4483 338 4518 ³
457 4515 460 4521 ·
1238 4485 1321 4544 eant

715 4641 724 4674 l
