2806 5054
69 341 72 352 ι
169 265 259 350 1361
347 258 665 354 ;ΕΡ18ΤοΒΑ
687 265 764 332 AD
787 255 1061 360 ROMANOS
1097 264 1102 274 “

173 422 270 490 ’cetis
284 405 383 512 qlin'm
396 423 565 492 Romanos
578 423 733 514 spiritum
752 422 943 506 servitutis,
959 428 1002 494 ,ut
1015 443 1133 488 rursus
1150 426 1277 498 metum
1394 407 1395 418 ¹

167 445 334 575 irabercnt
346 512 391 594 (s.
405 511 455 576 ita
470 515 509 576 ut
526 530 643 574 rursus
660 511 694 573 in
712 520 801 574 metu
817 511 960 591 essent),
981 504 1149 597 accepisse
1164 515 1281 592 negat,

173 616 231 660 eos
247 594 469 680 aliquandoet
477 595 630 682 spiritum
641 595 838 662 servitutisa
850 593 1099 682 Deoaccopisse
1112 603 1144 658 ct
1159 611 1198 658 eo
1218 599 1282 657 aut

66 759 69 768 ¹
174 679 315 745 consilio
329 686 388 766 ant
402 690 520 746 eventu
538 681 716 782 accepisse,
737 689 774 744 ut
790 686 985 760 metuerent,
1007 679 1106 750 simul
1121 679 1283 756 affirmat.

173 763 266 850 (Non
281 763 368 829 enirn
383 766 559 853 accepistis
573 766 726 853 spiritum
740 765 913 830 servitutis
929 771 965 828 ut
979 785 1092 832 rorans
1115 774 1281 844 metuere-

83 903 87 912 ,
172 851 237 931 tis;
252 849 331 916 olim
346 848 499 916 nimirum
513 850 613 930 istius
630 849 717 915 modi
731 850 898 936 spiritum,
914 849 972 935 qui
988 856 1108 913 metum
1123 849 1217 914 vobis
1228 849 1282 918 al-

173 936 297 1016 lerret,
318 935 521 1024 accepistis).
563 935 690 1086 quatre
707 958 769 999 non
784 934 955 1000 intellecti
971 956 1069 1021 quum
1084 935 1220 998 contuse
1238 933 1283 998 de

175 1019 577 1109 lr.l.disputassent'ltuec
598 1019 936 1102 .et1tetot.,difncilo
954 1019 1045 1083 dictu
1062 1027 1124 1098 est,
1139 1027 1282 1105 quanto-

174 1106 310 1195 perede
328 1105 498 1186 Wettinm,
524 1127 567 1171 ex
591 1105 743 1195 operosis
763 1107 904 1170 aliorum
929 1103 1173 1181 commentariis
1188 1105 1283 1170 leves

175 1191 464 1262 commentariolos
479 1193 600 1278 raptim
617 1200 650 1255 et
663 1189 1283 1269 inconsideratecouscriberesolitum,
1394 1237 1395 1242 η

46 1356 50 1362 ,
175 1274 333 1348 luserint.
376 1274 413 1342 ls
430 1275 516 1341 huno
531 1279 555 1343 l.
572 1276 620 1342 sic
635 1277 893 1364 interpretatur:
914 1276 1060 1361 spiritns,
1081 1297 1174 1424 parem
1188 1295 1284 1344 occe·

8 1435 10 1443 ,
116 1402 119 1412 ι
175 1361 292 1447 pistis,
317 1381 380 1427 non
400 1367 451 1426 eat
473 1361 639 1428 servitutis
658 1363 811 1446 spiritns,
839 1361 896 1427 sed
908 1360 964 1446 qui
978 1360 1043 1426 Dei
1054 1357 1081 1443 β
1095 1361 1142 1424 ios
1156 1381 1209 1426 υοε
1225 1357 1284 1443 fa-

166 1445 245 1513 ciat
258 1446 319 1531 (cl.
331 1445 482 1528 Raecio),
504 1447 535 1510 si
552 1448 611 1512 hoc
624 1458 676 1512 est
692 1445 923 1535 interpretari,
942 1452 1065 1510 temere
1082 1443 1286 1528 verbis-sen-

157 1530 319 1608 tentiam
343 1528 526 1620 subjicere,
556 1554 640 1619 quae
663 1532 775 1596 verbis
796 1531 920 1620 positis
938 1528 1049 1597 inesse
1068 1530 1200 1615 nequit,
1222 1528 1283 1596 sed

148 1649 153 1660 ι
177 1614 256 1682 aliis
276 1616 448 1683 vocabulis
474 1618 646 1682 enuntiata
671 1612 724 1696 (τὸ
748 1614 980 1702 panormiae,
1008 1604 1217 1696 ὃέλάβετω
1243 1609 1287 1680 ου’

176 1701 309 1783 πνεῦμα
332 1697 487 1776 δουλείας
501 1697 608 1779 ἐστίν,
636 1696 722 1770 ἀλλὰ
738 1705 869 1783 πνεῦμα
886 1694 1078 1783 υἱοθεσίας)
1095 1700 1128 1766 ln.
1144 1699 1287 1778 1.οο11ο-

177 1785 248 1850 cari
287 1785 443 1854 otuissct.
481 1785 576 1853 Tum
595 1785 758 1870 adiungit,
781 1786 916 1852 verbum
933 1779 1068 1867 ἐλάβετε
1082 1794 1288 1849 tantummo-

178 1867 221 1935 do
236 1807 491 1939 adsentantiam
510 1871 754 1953 affirmativam,
777 1892 842 1936 non
856 1870 935 1934 item
952 1868 994 1932 ad
1009 1870 1287 1958 negativamper-

42 1961 51 1985 ‘
177 1955 287 2021 tinere
308 1955 341 2020 ei
361 1956 418 2043 qui
440 1978 509 2022 rom
528 1965 681 2022 accurate
703 1953 965 2022 consideraverit
977 1954 1196 2023 confitendum
1211 1976 1289 2022 csse

179 2039 391 2122 (dormitavit
406 2041 513 2128 igitur
532 2039 570 2111 P.
587 2041 644 2149 pul
659 2037 796 2124 ἐλάβετε
810 2030 1001 2110 iteraverit:
1021 2037 1069 2106 οὗ
1091 2035 1166 2126 γάρ
1189 2035 1310 2107 ε’λά-,

40 2129 43 2136 ’
142 2169 144 2172 ·
179 2123 587 2208 &stand—,oili
625 2117 1033 2208 ἔλάβετεττυ.υἳοθ.ί).
1072 2125 1289 2214 ΙΝυυτυρίυἰ-
1333 2161 1337 2165 -
1394 2181 1395 2188 ,

181 2215 251 2275 tum
266 2210 441 2277 servitutis
460 2230 574 2298 neque,
593 2210 667 2275 dari
688 2232 788 2301 posse
808 2210 932 2288 aDeo,
961 2231 1066 2312 neque
1087 2210 1191 2298 accipi
1207 2208 1290 2297 (!!);
1394 2231 1395 2236 ’

181 2315 198 2360 s
224 2295 338 2361 iritum
360 2303 470 2363 autem
493 2295 687 2377 servitutis,
714 2296 772 2382 qni
794 2295 969 2360 Hebraeos
994 2303 1167 2375 rexisset,
1185 2316 1248 2359 non
1268 2318 1288 2358 a
1394 2351 1395 2356 ,

138 2403 154 2468 ’“
181 2378 615 2553 ,fltltllltltntl
625 2371 1289 2552 llnll'llllltr}tltllnldtll:

135 2550 137 2559 ’
183 2541 351 2616 άιιιυέεοε
366 2512 545 2640 apparere!
589 2547 707 2637 ltaque
730 2550 807 2620 dW.
829 2571 935 2652 nepote
958 2539 1160 2615 structuram
1180 2572 1289 2637 neque

79 2709 84 2723 ι
183 2635 381 2700 sententiam
391 2636 582 2743 perspexit!
597 2633 629 2700 N
632 2637 694 2701 ihil
702 2638 817 2717 relert,
831 2657 925 2722 cujus
935 2635 1138 2702 modilnisse
1152 2644 1186 2702 et
1202 2634 1289 2702 unde

82 2728 87 2757 “·
131 2772 134 2781 .
183 2719 357 2786 exstitisse
371 2744 411 2786 το
426 2729 558 2802 πνεῦμα
573 2723 632 2809 τῆς
655 2719 826 2799 δουλείας,
859 2742 923 2810 quo
947 2720 1068 2790 Judaei
1090 2721 1290 2809 ductisunt,

175 2805 223 2870 de
236 2803 371 2890 Wettins
383 2813 490 2896 putet,
506 2804 564 2871 sed
574 2803 730 2894 quidnam
741 2808 837 2876 Ρουλ.
846 2806 886 2872 de
895 2805 934 2870 eei
949 2827 984 2871 re
996 2807 1171 2896 placuerit,
1186 2830 1288 2894 qnae-

86 2913 89 2917 ·
183 2889 304 2958 ritur..
329 2891 407 2976 Quo
417 2891 531 2983 judice
547 2891 602 2956 lex
619 2913 702 2960 mos.
713 2893 928 2982 molestorum
943 2899 1191 2980 praeceptorum
1207 2915 1292 2959 onus
1394 2927 1395 2934 υ

186 2983 344 3064 tanquam
368 2976 504 3066 aliquod
528 2977 702 3058 seruitutis
726 2978 837 3062 iugum
857 2978 1045 3043 hominibus
1065 2979 1290 3066 impossitiv.

186 3059 267 3128 Gal.
280 3061 314 3142 5,
330 3063 414 3132 Lol.
429 3061 717 3145 Αολ,15,11λ28.)
732 3085 839 3150 neque
854 3063 920 3126 nisi
935 3085 1049 3129 servos
1064 3064 1148 3128 aluit
1164 3073 1198 3128 et
1211 3063 1291 3129 edu-

148 3154 149 3160 ’
186 3146 276 3211 cavit
296 3145 391 3224 (Gal.
405 3147 441 3229 4,-
460 3146 621 3230 24.25.);
649 3160 762 3216 contra
787 3148 973 3235 ubicunque
991 3148 1215 3236 diaspirnus
1236 3150 1293 3230 sit,

186 3230 234 3294 ibi
249 3230 391 3296 libertas
409 3233 557 3312 habitat,
569 3231 606 3296 -2
620 3229 699 3299 Cor.
715 3232 748 3313 3,
766 3235 835 3312 rra
865 3231 1021 3299 Christus
1037 3234 1124 3299 enim
1142 3234 1292 3300 homiues

58 3330 60 3336 ·
186 3313 426 3380 inlibertatem
449 3311 630 3389 vindicavit
652 3317 967 3399 Ga1.⁵,1.4,26„
1009 3318 1094 3385 Item
1110 3317 1216 3386 Mosis
1236 3320 1294 3384 lex

77 3809 81 3818 ,
166 3736 296 3830 ¹rorem

99 3438 101 3442 -
156 3477 159 3485 f
187 3405 310 3465 metum
327 3397 648 3490 hominibus'injecit
666 3401 766 3467 minis
782 3411 815 3469 et
829 3425 1010 3493 poenarum
1026 3406 1199 3470 atrocitate
1215 3406 1293 3472 Gal.

187 3483 222 3567 3,
245 3486 298 3552 10.
320 3507 373 3572 sq.
401 3485 526 3555 2Cor.
547 3487 580 3565 3,
600 3489 634 3552 6.
663 3486 858 3571 [Satauam,
894 3489 965 3554 orci
987 3492 1208 3578 praelectum,
1235 3490 1295 3576 qui
1394 3535 1395 3538 κ

133 3601 135 3604 ·
188 3569 306 3634 mortis
321 3578 442 3637 metum
458 3574 600 3660 laceret,
622 3573 810 3639 hominibus
827 3575 1058 3663 praeponendo
1073 3575 1178 3650 Helnr.
1193 3578 1225 3657 2,
1240 3574 1294 3644 15.

187 3661 222 3718 ⁰‘
235 3675 293 3735 ‘⁰’
316 3654 1015 3811 llllllltiltllltnl'l'lllttlllt
1033 3661 1145 3812 llll
1158 3660 1295 3813 iiii
1394 3721 1395 3726 ‘

189 3827 273 3910 sq.].
309 3823 392 3893 ‘Jam
416 3827 515 3893 silex
533 3849 551 3898 a
566 3827 639 3893 Deo
654 3767 808 3917 prolectd
818 3837 889 3910 est,
912 3851 996 3916 quae
1012 3838 1045 3897 et
1061 3794 1175 3898 serdus
1191 3792 1295 3896 homi:

188 3930 248 3974 nes
263 3910 390 3977 faceret
403 3919 437 3977 et
457 3912 562 3992 cosin
578 3921 724 3979 terrores
739 3913 928 4003 conjiceret,
950 3917 1137 3983 daemonem
1153 3931 1297 4018 qnoque,

189 4016 291 4082 quum
310 3993 416 4062 Pauli*
433 3999 740 4166 prosopopoeiduti
758 4001 943 4090 placuerit,
971 4002 1076 4089 perolio
1098 4023 1206 4068 servos
1226 4023 1297 4086 apa-

7 4163 8 4172 ¹
100 4115 105 4168 j
188 4085 290 4160 toret,
303 4087 339 4148 nt
354 4084 401 4166 (s.
418 4082 465 4147 ita
482 4091 539 4148 aut
569 4092 727 4151 terrorem
743 4085 891 4172 offerret,
906 4109 927 4152 ο
938 4087 1008 4151 Deo
1018 4087 1053 4152 in
1065 4087 1208 4189 tortines
1219 4108 1296 4187 prp-

188 4161 313 4256 fectum
339 4188 410 4232 cecc
441 4167 633 4253 intelligere
655 4191 719 4234 non
743 4192 793 4235 ma
820 4171 855 4235 ni
877 4171 1039 4240 acuminis
1059 4179 1123 4238 est.
1159 4179 1206 4236 ου
1235 4193 1299 4258 γαρ

191 4243 370 4350 ἐλάβετε
393 4288 435 4300 -
455 4247 545 4346 ἀλλ’
565 4247 762 4342 ἐλάβετε]
793 4193 950 4322 {iecerat
970 4241 1078 4322 Paulo
1101 4256 1149 4322 sie
1170 4253 1299 4322 dicore:

129 4397 130 4405 ,
190 4351 234 4396 ου
255 4330 318 4422 γὰρ
337 4327 481 4419 ἐλάβετε
499 4357 555 4404 πυ.
572 4338 602 4404 d.
624 4359 660 4404 π.
676 4361 705 4409 ε.
723 4361 777 4428 pn,
807 4337 913 4408 ἀλλὰ
934 4340 1101 4425 πνεῦμα
1122 4335 1300 4419 υἱοθεσίας
