2842 5060
548 417 670 496 cAP.
691 417 805 496 vn..
1037 486 1042 502 ,
1206 429 1227 494 1

106 580 223 683 ανδρι
240 579 365 683 ἑτέρω.
388 589 392 598 ’
415 579 453 663 4.
470 582 603 678 Ὥστε,
628 581 787 686 ἀδελφοί
797 611 893 686 μου,
920 584 984 663 καὶ
1006 585 1113 684 ὑμεῖς
1132 589 1224 666 ἔθα·

107 683 310 783 νατώθητε
326 691 383 785 τῷ
398 682 505 788 νόμῳ
521 687 585 765 διὰ
597 696 668 767 τοῦ
684 686 857 787 σώματος
875 698 945 766 τοῦ
960 695 1148 790 Χριστοῦ,
1174 698 1225 778 εἷς

107 789 155 864 τὸ
168 789 350 892 γενέσθαι
365 787 465 888 ὑμᾶς
477 791 606 892 ἑτέρῳ,
630 798 686 892 τῷ
699 794 740 868 έκ
761 799 905 892 νεκρῶν
926 789 1116 896 ἐγερθέντι
1121 848 1134 883 ,
1158 797 1224 870 ἵνα

105 887 460 991 καρποφορήσωμεν
486 896 543 994 τῷ
565 900 654 994 Θεῷ.
719 896 757 974 6.
781 893 866 970 Ὅτι
892 894 968 996 γὰρ
996 890 1091 995 ἦμεν
1116 899 1157 972 ἐν
1176 905 1224 996 τῇ

108 992 222 1094 σαρκὶ
245 991 295 1068 τά
321 991 531 1092 παθήματα
552 1003 631 1074 τῶν
648 993 846 1097 Ιάμαρτιιδν
863 996 911 1072 τά
929 995 993 1074 διά
1011 1002 1082 1074 τοῦ
1100 995 1223 1098 νόμου

111 1099 300 1199 ἐνηργεῖτο
316 1097 357 1172 έν
369 1103 447 1182 τοῖς
459 1098 607 1195 μέλεσιν
619 1098 729 1198 ἡμῶν
741 1103 792 1184 εἰς
804 1095 847 1174 τό
865 1103 1150 1200 καρποφορῆσαι
1166 1107 1222 1201 τῷ

109 1195 288 1298 Θανάτῳ·
316 1201 352 1274 6.
366 1197 453 1276 ’νυνὶ
467 1199 509 1276 δὲ
521 1198 813 1304 κατηργήθημεν
825 1199 898 1278 ἀπὸ
913 1205 982 1278 τοῦ
992 1195 1114 1300 νόμου
1128 1200 1223 1279 ἀπο-

105 1296 294 1385 θανόντες
311 1303 352 1376 ἒν
374 1293 407 1401 ᾦ
429 1300 699 1402 κατειχόμεθα,
734 1302 829 1380 ὥστε
851 1296 1042 1381 δουλεύειν
1063 1300 1162 1403 ἡμᾶς
1181 1307 1222 1382 ἐν

104 1399 298 1502 καινότητι
312 1399 522 1503 πνεύματος
535 1404 599 1483 καὶ
615 1407 661 1483 οδ
676 1403 893 1505 παλαιότητι
905 1401 1137 1510 γράμματος.

151 1613 163 1628 .
208 1552 256 1632 V.
279 1553 317 1632 7.
377 1552 423 1630 Τι’
446 1553 517 1633 οὖν
539 1558 696 1658 ἐροῦμεν
702 1588 717 1650 ,-
750 1549 919 1656 όΝόμος
941 1551 1128 1658 άμαρτέας
1167 1553 1220 1658 μὴ

103 1652 271 1758 γένοιτο·
295 1654 388 1733 ἀλλὰ
404 1655 475 1755 τὴν
483 1658 686 1760 Ἀμαρτίαν
700 1661 770 1738 οὐκ
784 1663 906 1764 ἔγνων
911 1715 925 1750 ,
949 1663 981 1736 εὶ
997 1661 1050 1760 μὴ
1067 1657 1132 1736 διά
1145 1658 1222 1738 Νό-

103 1780 202 1854 pov!
226 1752 296 1854 τήν
311 1786 351 1832 τε
363 1758 676 1864 γδρἘπιθυμίαν
690 1764 760 1841 οὐκ
774 1757 896 1861 ᾔδειν,
930 1766 962 1838 εἰ
983 1758 1036 1860 μὴ
1058 1760 1079 1837 ὅ
1095 1758 1223 1860 Νόμος

104 1861 230 1962 έλεγεν
247 1860 331 1934 οὐκ
355 1863 680 1962 ἐπιθυμήσεις.
731 1869 768 1943 8.
785 1859 979 1965 Ἀφορμὴν
993 1861 1034 1940 δὲ
1050 1865 1222 1964 λαβοῦσα

103 1959 319 2061 ἡἍμαρτία
332 1961 396 2040 διά
408 1972 472 2061 τῆς
479 1965 648 2065 Ἐντολῆς
659 1965 928 2069 κατειργάσατο
943 1970 984 2042 ἐν
997 1965 1079 2064 ἐμοὶ
1094 1973 1222 2042 πᾶσαν

106 2063 334 2161 ἐπιθυμίαν·
356 2067 474 2166 χωρὶς
484 2065 560 2170 γάρ
575 2066 708 2167 Νόμου
718 2066 900 2169 Ἀμαρτόα
913 2061 1039 2166 νεκρά.
1082 2069 1116 2144 9.
1127 2063 1222 2172 Ἕγιδ

106 2164 146 2242 δὲ
161 2165 259 2258 ἔζων
268 2167 386 2268 χωρὶς
398 2165 529 2267 Νόμου
544 2172 650 2247 ποτέ·
676 2168 857 2268 ἐλθούσης
872 2167 914 2247 δὲ
936 2170 1178 2270 τῆςἘντολῆς
1196 2165 1221 2270 ἡ

102 2267 289 2366 Ἀμαρτία
304 2270 481 2368 ἀνέζησεν
486 2326 498 2361 ,
534 2278 592 2347 10.
607 2272 681 2376 ε’γιδ
696 2272 738 2350 δὲ
756 2273 971 2362 ἀπέθανον,
996 2268 1060 2348 καὶ
1082 2269 1220 2372 εὑρέθη
1305 2294 1309 2304 “

105 2395 172 2468 Ιμοι
185 2370 369 2470 ἡἜντολὴ
384 2372 407 2472 ἡ
423 2378 472 2458 ελς
486 2371 597 2472 ζωήν,
617 2375 712 2473 αὕτη
730 2380 780 2460 ελς
794 2371 978 2452 θάνατον.
1016 2375 1074 2452 11.
1082 2369 1136 2450 Ἡ
1143 2375 1226 2502 γάρ
1236 2437 1253 2478 Ι.
1390 2452 1395 2462 ,

100 2471 288 2574 Ἀμαρτέα
302 2473 480 2576 ἀφορμὴν
495 2480 664 2575 λαβοῦσα
678 2477 742 2555 διά
755 2485 819 2575 τῆς
830 2478 1008 2576 Ἐντολῆς.
1022 2467 1221 2576 ἐξηπάτησε

103 2595 153 2675 ’με
175 2575 240 2652 καὶ
260 2577 312 2653 δι’
336 2577 449 2675 αὐτῆς
470 2578 689 2658 ἀπέκτεινεν.
751 2585 812 2658 12.
826 2580 940 2655 Ὥστε
962 2577 983 2656 ό
1004 2576 1076 2677 μέν
1094 2573 1222 2677 Νόμος

14 2758 18 2769 ,
105 2677 222 2810 ἅγιος,
236 2678 300 2754 καὶ
314 2677 337 2778 ἦ
350 2677 497 2778 Ἓντολὴ
513 2679 605 2785 άγία
618 2682 682 2758 καὶ
696 2681 823 2759 δικαία
831 2678 928 2758 καλά
955 2675 1045 2781 αθή.
1091 2683 1151 2758 15.
1165 2677 1217 2756 Τό

13 2838 18 2867 ,
106 2809 179 2857 ουν
193 2781 346 2884 άγαθδν
358 2781 439 2878 ἐμοὶ
451 2783 582 2887 γέγονε
598 2781 785 2876 θάνατος;
817 2779 869 2882 μὴ
882 2708 1046 2887 γΝοιτο,
1082 2778 1174 2858 άλλά
1195 2777 1220 2882 ἦ

14 2934 18 2963 ε
100 2881 307 2983 Ἆμαρτία,
347 2885 412 2962 ἵνα
440 2893 544 2984 φανῇ
573 2885 740 2984 ἁμαρτία
746 2941 758 2976 ,
799 2881 863 2962 διά
888 2889 958 2961 τοῦ
980 2885 1135 2990 άγσθοά
1154 2909 1219 2981 μοι

14 2988 18 3054 2
105 2984 405 3088 κατεργαζομένη
423 2986 616 3077 θάνατον,
641 2989 706 3064 ἵνα
726 2988 878 3090 γένηται
899 2987 993 3063 καθ’
1007 2983 1220 3084 ὑπερβολὴν

14 3112 18 3125 ·
77 3127 83 3146 1
106 3087 554 3190 άμαρτωλὸςὴἏμαρτόα
569 3089 632 3166 διά
652 3093 717 3188 τῆς
728 3091 906 3186 Ἐντολῆς.
965 3091 1022 3167 14.
1053 3083 1219 3185 Οἴδαμεν

15 3240 19 3255 ·
105 3190 181 3292 γάρ
196 3191 254 3266 ότι
270 3186 290 3264 ό
308 3188 433 3288 Νόμος
448 3188 694 3288 πνευματικός
719 3195 836 3269 ἐστιν·
863 3186 958 3296 Ἐγώ
982 3186 1022 3268 δέ
1048 3183 1221 3289 οαρκικός

14 3276 19 3305 '
106 3297 199 3388 ειμι,
227 3296 457 3394 πεπραμένος
471 3292 546 3372 ὑπὸ
561 3295 630 3392 τὴν
641 3289 857 3396 Ἆμαρτόαν.
913 3294 971 3373 15.
985 3295 1034 3373 Ὃ
1054 3292 1129 3398 γάρ
1152 3317 1217 3370 κα·

93 3391 332 3496 ,τεργάζομαι
347 3399 392 3472 οὐ
406 3389 596 3500 γινιόσκω·
623 3393 757 3500 οὐγὰρ
772 3397 905 3471 δθέλω
921 3389 1089 3496 πράσσω,
1109 3393 1183 3471 ἀλλ’
1200 3391 1221 3470 ό

105 3505 223 3595 μισῶ,
247 3505 361 3574 τοῦτο
376 3504 481 3577 ποιά.
535 3497 595 3577 16.
621 3501 667 3574 Εἰ
679 3494 756 3576 δδό
774 3497 819 3574 οὗ
837 3495 958 3588 θέλω,
984 3502 1096 3576 τοῦτο
1113 3501 1219 3584 ποιεῦ,

108 3595 281 3700 σύμφημι
295 3607 349 3702 τῷ
363 3595 480 3702 Νόμῳ
496 3597 553 3678 ότι
567 3596 688 3686 καλός.
742 3601 802 3678 17.
827 3597 925 3678 Νυνὶ
941 3595 982 3676 δέ
1001 3597 1122 3677 οὐκέτι
1146 3598 1220 3703 ἐγώ
1344 3691 1349 3698 ³

104 3730 217 3803 κατερ
244 3701 382 3800 άζομαι
400 3697 492 3780 αὐτό
500 3757 512 3794 ,
546 3699 666 3800 ἀλλ’ἢ
689 3701 844 3779 οἶκοδσοι
864 3701 905 3780 έν
930 3697 1012 3802 ἐμοὶ
1028 3697 1220 3800 Ἀμαρτόα

9 3802 15 3865 ἱ
108 3808 165 3880 18.
237 3805 303 3881 ἶδα
323 3803 399 3909 γάρ
419 3801 475 3881 ότι
500 3807 570 3884 οὐκ
591 3806 684 3882 οἰκεῖ
705 3809 746 3882 έν
766 3799 868 3903 ἒμσό,
899 3800 1091 3882 τουτέστιν
1112 3809 1153 3881 ἐν
1173 3808 1220 3900 τῇ

106 3903 218 4007 σαρκί
229 3929 323 4004 μου,
351 3901 522 4010 ἀγαθόν·
548 3903 592 3984 τὸ
605 3905 681 4040 γάρ
695 3903 819 3984 θέλειν
831 3901 1052 4008 παράκειταί
1065 3931 1130 4006 μοι
1136 3959 1149 3996 ,
1175 3905 1219 3980 τὸ

103 4007 143 4085 δὲ
156 4005 458 4113 κατεργάζεσθαι
472 4007 517 4087 τό
532 4015 648 4088 καλου
667 4006 736 4106 οὐχ
755 4003 925 4110 εὑρίσκω.
986 4010 1044 4087 19.
1075 4009 1131 4088 Ov'
1145 4003 1220 4112 γάρ

10 4122 17 4173 ²
102 4111 247 4189 δθέλω
271 4120 368 4188 ποιῶ
390 4105 559 4216 άγαθόν,
599 4107 680 4190 ἄλλ’
704 4111 728 4214 ὃ,
748 4108 794 4188 οδ
817 4107 917 4188 θέλω
939 4102 1078 4202 κακόν,
1108 4119 1220 4186 τοῦτο

102 4210 270 4317 πράσσω.
331 4215 394 4293 20.
420 4217 467 4291 Ελ
487 4211 528 4293 δέ
553 4210 573 4292 δ
599 4211 644 4294 οὗ
667 4215 788 4306 θέλω,
820 4218 933 4291 τοῦτο
952 4217 1076 4303 ποιά,
1100 4211 1221 4290 οὐκέτι

100 4316 172 4422 ἐγώ
182 4310 467 4422 κατεργάζομαι
481 4310 573 4394 αὐτό
580 4368 592 4406 ,
619 4314 700 4396 ἀλλ’
716 4314 740 4415 ἡ
756 4319 909 4394 οἶκοῦσα
924 4318 965 4394 ἐν
987 4313 1069 4413 ἐμοὶ
1084 4315 1219 4414 Ἆμαρ-
1340 4408 1344 4416 1

99 4421 168 4501 τίσ.
236 4429 306 4501 21.
341 4417 514 4520 Εὑρίσκω
545 4423 619 4523 ἄρα
649 4415 718 4497 τὸν
745 4414 866 4588 νόμρρ
885 4423 943 4585 ἑῷ
964 4415 1115 4544 θέλοντρ
1140 4416 1221 4513 ἐμοὶ
