2876 5056
219 391 285 493 aui
426 359 1117 508 urnsrousnunotrnuos

224 578 324 659 tium,
346 598 430 666 quae
444 595 527 643 vana
541 582 594 642 est
608 581 643 641 et
656 573 853 662 opinabilis,
878 569 938 638 sed
957 570 1122 653 divinam,
1150 545 1340 676 quapzvera

198 670 479 768 r
506 659 1342 826 ⁸³¹³“timrestituunturut:

227 757 326 902 1111110
339 753 735 923 ἓ1800101181111111001000
748 827 845 896 Deus
864 849 935 895 eam
954 827 1082 918 spiritu
1102 850 1132 897 s.
1153 766 1340 917 interprhte

226 943 309 988 usos
330 920 517 1008 aperuisset
538 919 586 1003 (v.
610 915 721 996 lCor,
739 916 813 999 2‚6.
828 951 871 964 -
888 917 941 982 13.
956 919 999 982 el.
1012 910 1088 982 001.
1102 917 1136 996 2,
1144 915 1178 980 3.
1199 923 1234 979 et
1249 915 1339 1003 Eph.

111 999 115 1014 '
224 1005 327 1093 3‚5.)'.
371 1006 474 1072 Recte
492 1005 596 1088 igitur
617 1001 768 1068 doctriua
789 1001 906 1070 ohrist.
927 995 961 1081 (ὃ
983 995 1084 1084 λόγος
1102 1021 1132 1064 υ.
1155 1001 1193 1066 θ.
1217 999 1291 1067 001.
1307 1003 1340 1083 1,

226 1091 281 1166 25.
304 1093 373 1178 sq.)
391 1097 525 1158 voratur
543 1086 583 1152 τὸ
600 1085 786 1174 μυστήριον
806 1107 836 1152 τ.
855 1089 891 1152 θ.
913 1085 1004 1170 (001.
1022 1083 1113 1167 2,2.)
1133 1105 1260 1153 aroana
1272 1087 1341 1152 Dei

225 1177 392 1260 doctrina,
423 1173 463 1241 τὸ
481 1169 666 1260 μυστήριον
684 1173 798 1258 (Rom.
820 1171 951 1256 1635.)
959 1217 970 1250 ,
1005 1167 1044 1238 τὸ
1063 1167 1248 1259 μυστήριον
1274 1171 1340 1236 τοῦ

226 1261 380 1348 Χριστοῦ
394 1259 484 1346 (001.
498 1260 532 1341 4,
538 1258 589 1344 3.)
603 1265 728 1324 recreta
737 1257 914 1338 doctrino,
935 1275 1035 1344 qurum·
1048 1253 1192 1320 Christus
1207 1255 1340 1338 primnis

224 1345 386 1430 eouiyuo'it
406 1351 441 1410 et
461 1341 500 1408 τὸ
520 1345 706 1428 μυστήριον
725 1343 788 1407 nori
808 1337 1003 1426 εὐαγγελίου
1017 1337 1125 1426 (Eph.
1138 1339 1172 1419 6,
1180 1339 1251 1423 19.)
1272 1361 1337 1406 ar-

224 1451 309 1496 σουσ
321 1429 486 1514 doctrina,
500 1429 533 1496 h.
546 1450 576 1496 e.
592 1427 791 1514 eonnpeiium
804 1446 867 1491 non
882 1432 1080 1514 propterea,
1096 1423 1185 1512 quod
1198 1445 1239 1488 ea
1252 1445 1339 1490 uon-

136 1540 138 1552 ·
223 1514 328 1580 nullis
342 1514 533 1580 hominihus
548 1513 684 1578 relando
700 1513 746 1578 sit
762 1517 831 1593 (est
848 1514 935 1576 euim
955 1509 1154 1598 optantium,
1179 1516 1218 1575 ut
1235 1531 1337 1596 quam

223 1600 365 1688 plurimi
377 1599 520 1666 divinam
534 1599 733 1685 sapientiam
749 1596 878 1662 diseunt
891 1605 999 1685 etper
1011 1615 1089 1660 eam
1105 1595 1248 1660 heentur
1262 1595 1338 1666 col.

112 1692 117 1706 “
223 1683 543 1772 talephum),
572 1683 729 1748 sedduas
750 1683 940 1750 ohoausas.
984 1677 1074 1747 Nam
1094 1680 1338 1770 primumqui·

222 1767 299 1837 dem
312 1770 497 1858 sapientiae
510 1769 705 1855 thesauros,
727 1767 1042 1856 ροσε-0000010010
1061 1767 1235 1852 mysteriis
1258 1787 1339 1832 oon-

223 1854 326 1922 tineri
340 1867 470 1921 temere.
481 1861 659 1944 putarunt,
684 1874 798 1919 revera
821 1854 854 1920 io
874 1875 911 1919 se
928 1851 1120 1918 reconditos
1138 1851 1241 1918 hahet
1254 1851 1337 1923 001.

221 1939 308 2018 2,3..
355 1939 488 2008 Deinde
518 1941 594 2008 sino
619 1939 765 2032 apostoli
786 1947 843 2004 ant
863 1937 1047 2028 prophetae
1068 1936 1247 2024 disoiplini
1270 1959 1336 2004 nor

223 2025 332 2110 magis
352 2025 507 2110 cognosci
525 2034 654 2114 potest,
686 2045 783 2112 quum
808 2025 1012 2092 Graecorum
1035 2024 1195 2110 mysteria
1221 2021 1336 2090 disens

221 2111 296 2176 eino
316 2109 527 2179 institutione
548 2109 799 2198 hierophantae.
842 2109 929 2176 Nam
949 2131 1010 2197 per
1029 2108 1263 2174 aeternitatem
1287 2110 1334 2176 si·

94 2261 97 2266 .
221 2195 328 2264 lentio
343 2204 431 2262 terta
444 2195 573 2264 Christi
586 2196 792 2284 temporibus
806 2195 1005 2284 primum-ah
1019 2195 1182 2282 apostolis
1200 2203 1236 2259 et
1255 2215 1333 2282 pro·

217 2279 356 2368 phetis,
383 2304 467 2368 quos
481 2281 614 2348 divinus
634 2282 775 2368 spiritus
794 2281 1013 2359 enudtntseen
1039 2281 1173 2368 penitus
1192 2300 1334 2370 perspe-

99 2363 118 2384 ““
216 2373 275 2430 ,010
290 2363 342 2434 est
358 2365 432 2436 001.
447 2367 540 2450 1,26.
554 2387 610 2454 sq.
627 2365 714 2453 Eph.
727 2365 759 2443 3,
767 2366 800 2433 3.
821 2365 919 2434 Rom.
935 2365 1061 2448 lum..
1105 2363 1331 2451 Quamobrem

220 2448 259 2516 τὸ
273 2449 457 2538 μυστήριον
468 2473 497 2517 r.
512 2455 549 2516 θ.
564 2449 710 2518 abditam
725 2449 793 2516 Dei
807 2451 1005 2539 sapientiam
1019 2450 1181 2537 apostolis
1195 2458 1231 2516 et
1252 2473 1331 2540 pro·

217 2536 330 2623 pinetis
343 2549 362 2604 t
375 2537 444 2606 dir.
462 2537 586 2624 spiritu
602 2537 870 2602 extraordinarii
890 2537 1005 2624 aliqua
1027 2536 1239 2606 institutione
1262 2546 1332 2602 tra·

219 2621 325 2686 ditem
339 2630 429 2688 rorte
443 2621 596 2690 definias.
636 2623 682 2688 Et
701 2643 801 2710 quum
821 2623 972 2695 doctrina
993 2622 1112 2691 ehrist.
1131 2629 1165 2686 et
1184 2622 1331 2688 diuinam

78 2718 80 2726 '
220 2707 418 2794 sapientiam
440 2709 679 2796 compleotntur
698 2717 733 2774 et
754 2721 844 2778 reete
874 2708 1068 2796 mysterium
1096 2717 1253 2790 voretur,
1294 2710 1330 2774 in

219 2800 438 2879 promouent,
461 2794 721 2882 apostolon'dum
736 2795 944 2879 evangelium
965 2800 1131 2881 exponant
1151 2792 1241 2859 θεοῦ
1265 2815 1331 2860 σο·
1424 2813 1425 2841 t

215 2874 305 2960 ,φίυν
319 2877 432 2944 λαλεῖν
443 2878 477 2946 ἐν
489 2877 662 2966 μυστηρίῳ
684 2883 720 2965 (1
734 2879 812 2949 Gor.
831 2882 904 2959 2‚⁷.
924 2879 1033 2964 uhiy.
1048 2875 1255 2967 Meyeem),
1275 2878 1328 2945 di·

185 3025 189 3036 ,
218 2962 329 3028 vinam
343 2963 539 3051 sapientiam
552 2963 685 3028 tradere
700 2967 888 3046 mysterium
900 2965 1108 3031 enuntiantes
1121 2986 1151 3032 s.
1167 2985 1231 3048 per
1248 2985 1327 3047 my-

152 3087 155 3097 ·
213 3047 312 3124 sittft‘
320 3049 587 3116 enuntiationem.
630 3047 699 3116 Seri
713 3049 864 3118 doetrina
877 3051 995 3118 ohrist.
1009 3069 1074 3114 non
1094 3069 1134 3114 ex
1155 3070 1222 3114 uno
1246 3050 1328 3136 dog·

215 3139 304 3198 mtto
317 3140 465 3215 onustat,
486 3134 547 3200 sod
560 3130 663 3200 muita
677 3135 831 3222 dogmata
845 3137 1011 3220 eontinet,
1034 3153 1119 3222 quae
1131 3139 1165 3198 et
1179 3133 1254 3222 ipsa
1273 3157 1327 3204 re-

128 3264 131 3276 ,
215 3221 270 3284 ote
290 3217 357 3284 diui
374 3212 577 3304 μυστήριαο
605 3227 714 3308 paret.
769 3221 857 3288 Nam
880 3219 1087 3308 evangelium
1108 3217 1223 3286 abdita
1247 3230 1283 3287 et
1305 3243 1325 3287 a

96 3363 99 3370 .
214 3301 284 3372 dir.
304 3303 427 3389 spiritu
450 3303 561 3370 dienen
588 3305 695 3372 aDei
715 3309 881 3398 sapientia
903 3327 968 3373 non
992 3313 1101 3388 esset,
1136 3306 1168 3372 si
1188 3307 1325 3393 singnis

213 3388 380 3474 evangelii
408 3389 518 3476 oapita
547 3392 620 3455 sine
640 3391 745 3459 divini
766 3394 908 3481 spiritus
932 3392 1144 3458 institutione
1165 3393 1325 3476 cognosci

211 3484 363 3574 ppesent.
406 3471 468 3577 Sin
480 3471 519 3543 P.
535 3478 728 3579 mysterium
748 3482 877 3545 roravit
898 3495 1054 3546 artatum
1069 3475 1137 3544 Dei
1158 3475 1200 3579 de
1219 3499 1324 3580 pagu-

212 3577 348 3662 ursper
363 3557 523 3662 hirsutum
543 3561 680 3627 mundns
702 3563 888 3666 demotum,
916 3562 1013 3666 opjhs
1033 3570 1321 3665 aeouratnssrmem

137 3759 143 3774 .
208 3647 779 3817 01111ἒὲἱῗὲἓὲρῗξέζὲἕῗέῧ
788 3671 849 3738 ¹³⁰¹
862 3651 1019 3798 antwerp
1034 3671 1064 3750 ⁶³
1074 3647 1226 3798 ‘'iiii“
1234 3648 1320 3800 ’111

233 3777 242 3810 ,
293 3778 303 3812 ‚
758 3757 956 3821 ημασοςυου
998 3755 1095 3800 eona
1179 3755 1236 3800 um
1287 3755 1306 3814 e

157 3863 161 3878 .
207 3835 249 3879 ox
276 3815 448 3882 eoeiioolis
475 3823 509 3882 et
533 3815 719 3883 hominihus
750 3823 844 3908 piam.
867 3832 902 3887 et
923 3821 1051 3885 beatem
1074 3819 1236 3884 familiam
1258 3839 1319 3910 per
1414 3883 1415 3896 ,

208 3899 380 3968 Christum
394 3900 538 3969 feriendi
553 3904 747 3986 eonsilium,
768 3905 863 3993 ⁴‹yuod
882 3927 954 3972 eum
969 3905 1138 3994 Apostolo
1155 3905 1317 3991 (spiritus

207 4005 237 4054 e.
250 3985 455 4072 interventu)
474 3989 750 4056 aommuoimsset
768 3995 817 4077 (v.
833 3992 919 4081 Eph.
935 3992 1007 4074 1,9.
1029 4012 1083 4079 sq.
1104 3992 1148 4061 01.
1172 3989 1268 4060 Phil.
1283 3994 1315 4074 2,

206 4071 240 4140 9.
255 4094 308 4160 sq.
321 4072 395 4140 001.
411 4073 504 4157 1,18.
527 4082 579 4161 sq.
598 4073 705 4146 Hehr.
726 4077 843 4158 12322.
864 4081 941 4166 sq.).
985 4074 1211 4160 Patetigitor
1235 4097 1316 4166 apo-'-
1412 4083 1413 4092 ’

205 4158 313 4231 stolus
332 4178 408 4225 esse
428 4156 625 4241 οἰκονόμους
641 4161 833 4248 μυστηρίου
850 4164 939 4232 θεοῦ
956 4165 993 4246 (1
1013 4163 1093 4232 Gor.
1113 4165 1148 4245 4,
1164 4164 1214 4248 l.)
1235 4184 1315 4244 my·
1411 4209 1412 4223 ,

203 4243 376 4312 cleriorum
389 4245 569 4312 diuinorum
580 4245 846 4331 disponamur
860 4247 1092 4332 hierophantas
1107 4255 1143 4313 et
1165 4248 1314 4314 hominis

201 4327 320 4398 ohriet.
346 4331 518 4396 seientiam
545 4333 688 4398 omnium
706 4333 1148 4418 mysteriornm‘eognitioue
1168 4335 1314 4417 ahsairi,

89 4417 93 4424 “
200 4434 400 4510 ommonem
415 4422 507 4485 nuta
528 4413 767 4508 perspicientia
787 4419 870 4488 reri-
883 4421 918 4488 in
940 4419 1033 4488 solos
1052 4420 1238 4510 prophetas
1256 4441 1312 4487 ra·
1408 4473 1409 4487 ,
