2814 5056
170 365 251 436 roo
310 313 312 317 ⁸
398 283 1089 468 ‘arrsro'nnauuouaups

185 523 1299 700 snutraim:attrectantescatasta.tta

176 700 470 786 praetermittunt,
483 697 785 764 cutnLucbmnnno.
816 697 915 762 Haud
927 698 1074 761 rarobcc
1090 694 1147 761 καί
1162 719 1179 760 a
1194 696 1300 760 libra·
1393 691 1394 730 ³

185 785 250 849 riis
265 783 449 866 negicctum
463 792 533 862 est,
557 792 594 848 ut
607 780 648 846 ad
665 783 849 847 sententiae
863 784 1089 866 integritatem
1107 803 1170 845 nou
1187 801 1300 845 uoces-

186 869 330 948 sarium‚
353 890 585 954 nonnunquam
599 869 698 932 etiam
714 859 851 934 diiiiciie
866 869 1033 954 explicatu
1047 869 1093 954 (r.
1105 864 1242 1018 δαδιιξζ.
1258 864 1301 930 αδ

189 953 365 1020 Demosth.
383 951 411 1033 Ι,
427 955 502 1020 376.
516 963 550 1018 et
563 953 722 1037 Krucper.
740 953 763 1019 1.
777 955 833 1041 α).
879 951 1115 1020 ContinuatP.
1129 975 1160 1020 v.
1223 971 1299 1021 .ar·

123 1237 128 1248 ¹
185 1233 277 1292 mars,
298 1209 403 1296 (quod
422 1232 440 1272 a
456 1147 659 1276 (bonisensis
675 1209 748 1272 tisri
766 1210 916 1274 affectum
933 1210 977 1275 iis
992 1219 1062 1291 est,
1085 1230 1170 1296 quae
1184 1229 1300 1297 proxi-

188 1319 240 1362 me
260 1296 482 1384 ‘praesentarum
515 1302 647 1378 sperant
669 1295 757 1358 enirn
783 1291 841 1376 τὴν
862 1291 1047 1382 σωτηρίαν,
1087 1315 1165 1382 spes
1188 1305 1299 1358 autem

187 1383 337 1468 {cattarum
357 1381 471 1446 beurim
484 1379 731 1466 complectitur:
759 1381 788 1444 si
809 1379 892 1445 catto
914 1379 1032 1444 uerbo
1053 1379 1104 1442 nii
1121 1379 1300 1464 placentarii)

46 1097 50 1106 .
72 1098 78 1112 ‚
186 1039 465 1125 gumentationem
485 1038 519 1106 b.
535 1060 595 1106 m.:
617 1040 647 1102 si
662 1047 771 1104 nutem
784 1040 838 1125 (ut
854 1043 886 1103 in
901 1038 1125 1103 concludendo
1148 1037 1301 1125 pergam)
1394 1053 1395 1090 ἑ

77 1131 80 1150 ”
186 1125 275 1211 quod
296 1145 364 1188 nou
387 1125 609 1189 constitimus
636 1125 799 1210 (futurum
824 1124 964 1202 bonurn,
990 1121 1029 1190 τό
1051 1121 1157 1208 ἀπόν)
1184 1143 1301 1223 sperq-

189 1463 587 1551 constantet·(Hebr.12,
608 1467 656 1549 1.)
683 1483 756 1532 cum
776 1464 959 1529 constantio
975 1472 1205 1549 asspectomus
1218 1462 1299 1552 (Ni.
1395 1513 1396 1522 ,

189 1551 237 1616 bii
259 1558 311 1616 est
334 1551 421 1615 enim
444 1571 541 1639 spes,
570 1549 636 1614 nisi
657 1559 815 1615 constans
840 1549 917 1613 iconi
933 1549 1136 1636 exspectatio
1150 1557 1185 1615 et
1200 1571 1299 1636 qaam

188 1647 321 1715 teneas,
355 1634 460 1701 donec
490 1647 550 1703 aut
574 1637 647 1724 ipse
672 1645 841 1737 speratum
863 1634 982 1699 bouum
1007 1635 1148 1735 adeptus
1173 1635 1223 1697 sis
1241 1639 1300 1702 aut

188 1722 277 1787 alius
291 1731 516 1808 consequutus
536 1723 599 1801 sit,
630 1727 665 1786 ut
689 1741 759 1808 ipse
775 1718 858 1784 iliud
873 1719 1104 1808 obtinereJam
1126 1721 1300 1807 nequeas).
1396 1795 1397 1800 γ

190 1807 242 1873 Ex
257 1807 311 1871 his
326 1808 644 1890 argumentationem
668 1806 777 1892 quivis
799 1805 1080 1872 faciteabsoirat:
1100 1805 1301 1890 accicipitur
1396 1869 1397 1878 ,

190 1931 221 1976 v.
241 1904 296 1974 23.
316 1907 390 1972 diri
407 1903 584 1972 υἱοθεσίαν
608 1891 903 1988 ἀπεκδεχόμενοι.
952 1903 1162 1992 Quamquam
1187 1914 1300 1969 atatem

190 1993 298 2082 ipsum
321 2014 352 2061 v.
376 1987 626 2072 ἀπικδὲχεσδαι
648 1994 825 2058 scrutantis
845 1993 1103 2081 exspectationis
1127 1996 1301 2072 notionem

71 2101 92 2177 '¹
189 2079 347 2158 continet,
360 2087 449 2142 recte
463 2084 571 2142 tamen
589 2067 639 2157 P„
654 2084 690 2142 ut
705 2077 797 2143 illius
813 2099 842 2144 r.
860 2079 923 2142 viui
941 2077 1034 2143 nemo
1053 2097 1116 2140 non
1131 2075 1301 2160 iutellige-

147 2166 151 2172 ’
190 2172 261 2246 ret,
283 2165 421 2250 insuper
441 2161 564 2264 abjecit
586 2160 628 2227 διο
640 2160 814 2246 ὑπομονῆς
833 2157 880 2248 (r.
895 2165 972 2229 Exc.
989 2161 1067 2246 ΙΙ.).
1111 2161 1301 2228 Nonnects

190 2248 347 2329 Meyerua
361 2269 482 2312 muniri
496 2243 672 2312 υἱοθεσίαν
687 2241 946 2329 ἀπεκδεχόμενοι
964 2271 992 2314 ι’.
1002 2249 1056 2313 23.
1069 2247 1152 2312 solis
1167 2247 1302 2314 ν.ν.24.
1397 2285 1398 2292 1

189 2341 231 2424 τῇ
242 2355 270 2417 χ.
286 2328 403 2397 ἐλπίδι
416 2329 592 2417 ἐσώθημεν
601 2380 621 2406 ,,
630 2339 699 2396 tum
719 2331 856 2398 Paralum
870 2335 939 2418 spei
951 2341 1105 2398 circitorum
1118 2332 1202 2397 bitrio
1222 2354 1301 2411 esse,

26 2437 32 2446 ·
102 2477 107 2486 .
190 2415 1302 2505 utpatienter(malefortitertolerantesv.Grct.)e.ropeciemusdo-

192 2524 267 2569 cere
284 2504 394 2586 (n2s.
413 2502 516 2576 ’ἐλπίς
529 2504 565 2568 δὲ
576 2502 767 2590 βλεπομένη
781 2541 823 2552 ·-
838 2499 880 2566 δι’
890 2497 1060 2588 ὑπομονῆς
1072 2499 1302 2582 ἀπεκδεχόμε-

145 2609 150 2617 “
192 2591 242 2652 θα
265 2609 296 2655 v.
316 2586 389 2675 25.)
402 2588 546 2654 censerit.
590 2586 676 2652 Nam
692 2611 730 2652 ex
748 2610 785 2652 eo
801 2587 1090 2676 quod-praesentis
1106 2595 1139 2651 et
1153 2609 1218 2672 quo
1229 2587 1301 2677 jam

189 2675 304 2738 fruare
318 2672 395 2737 boni
410 2697 487 2761 spes
506 2672 646 2755 cogitari
663 2674 778 2760 nequit
792 2689 984 2760 temereque
999 2673 1123 2737 iaciunt
1139 2673 1195 2758 qui
1213 2671 1302 2758 quod
1398 2673 1399 2676 ’

186 2759 257 2849 jam
272 2758 444 2908 quotident
459 2767 596 2846 sperant
610 2781 641 2824 r.
657 2759 731 2839 24„
754 2781 816 2823 non
831 2760 1049 2847 consequitur
1065 2779 1122 2823 eos
1138 2758 1195 2843 qui
1212 2761 1302 2822 iutu-

188 2865 262 2909 rum
300 2865 396 2909 onum
418 2855 610 2931 exspectent
629 2857 783 2931 recteque
797 2845 949 2909 dicautur
964 2861 1118 2932 sperare,
1146 2849 1192 2908 ita
1212 2845 1303 2908 iutu-

188 2941 262 2994 rum
276 2935 501 2994 ornamentum
518 2936 729 3017 exspectare,
751 2940 787 2994 ut
800 2933 1023 3016 praesentium
1042 2930 1202 2993 malorum
1217 2929 1304 2992 tals:

188 3014 329 3081 santiam
339 3015 491 3103 probent.
522 3014 697 3080 Praeterea
715 3020 785 3105 Ap.
799 3039 849 3085 vs.
861 3016 917 3083 25.
931 3015 1064 3080 firmare
1079 3035 1111 3080 v.
1126 3009 1305 3079 υἱοθεσίαν

190 3095 524 3181 ἀπεκδεχόμενοι
541 3099 633 3181 ν.23.
647 3122 686 3165 ex
701 3096 958 3181 ἀπεκδεχόμεθα
972 3122 1002 3168 r.
1010 3100 1065 3168 25.
1080 3099 1305 3182 cognoscitur,

193 3186 259 3272 qub
274 3206 352 3252 voce
375 3186 416 3249 ad
439 3180 698 3266 ἀπεκδεχόμενοι
712 3207 744 3255 v.
757 3185 811 3252 23.
829 3186 1026 3270 revertitur,
1048 3207 1088 3249 ne
1104 3186 1168 3249 alia
1183 3184 1304 3272 adjun-
1387 3207 1392 3213 ·

192 3286 281 3356 gam.
315 3267 473 3356 Plerique
490 3271 692 3356 interpretes
708 3283 954 3357 coposuerunt,
978 3271 1065 3358 quod
1082 3266 1121 3338 P.
1139 3292 1168 3337 ν.
1183 3271 1239 3339 25.
1253 3271 1302 3336 le·

191 3354 840 3460 ctoresadexspectationisconstantiam
848 3357 1011 3423 cohortari
1017 3365 1188 3444 putarunt,
1203 3355 1306 3442 quasi

191 3435 939 3588 ppodneabszopoboscriptumessctbsiippric
955 3438 1214 3520 ἀπεκδέχεσδαι.
1244 3436 1304 3508 Sic

226 3525 313 3592 uerit.
327 3525 582 3606 Chryscatomum
598 3547 632 3589 se
660 3534 760 3592 cautus
775 3549 805 3593 v.
815 3529 870 3594 24.
885 3535 917 3591 et
925 3527 979 3593 25.
996 3549 1035 3592 eo
1049 3527 1190 3591 consitio
1206 3527 1303 3591 addi-

191 3617 246 3676 tos
261 3627 353 3689 esse,
380 3631 420 3674 ne
442 3608 565 3675 infirmi
585 3547 747 3694 leobres,
775 3611 962 3677 homiuibus
979 3613 1035 3700 qui
1050 3611 1146 3676 fidem
1165 3612 1304 3677 habuis·

193 3706 269 3761 sent
286 3695 475 3783 beatitatem
496 3696 609 3759 statim
634 3695 726 3778 dari,
747 3718 886 3785 aequum
902 3699 966 3762 rati
984 3698 1094 3762 verbis
1110 3717 1138 3764 r.
1153 3696 1208 3765 23.
1229 3695 1304 3763 vio-

192 3781 314 3847 θεσίαν
334 3774 686 3862 ἀπεκδεχόμενοι,
708 3805 738 3848 τ.
753 3779 785 3850 ἀ.
800 3806 829 3847 τ.
845 3803 875 3847 o.
891 3781 920 3870 ἦ
942 3781 1204 3862 offenderentur,
1228 3785 1304 3871 opi-

192 3875 291 3932 natus
304 3866 353 3933 sic
370 3865 553 3933 enarravit:
579 3887 656 3930 nom
669 3867 772 3954 (quod
786 3878 894 3934 autern
910 3877 1081 3956 speratur,
1110 3887 1173 3930 nou
1189 3869 1303 3969 possi·
1325 3893 1331 3904 ’

191 3950 307 4033 detur,
337 3949 394 4016 sed
418 3960 648 4039 exspectatur:
692 3959 771 4018 baec
792 3950 931 4020 Paulum
959 3960 1063 4043 putat
1084 3954 1280 4020 reticuisse!

189 4046 250 4122 per
262 4059 353 4123 spem
367 4037 454 4139 (ine.
472 4038 548 4125 quia
564 4036 647 4102 tides
660 4058 732 4102 curn
749 4039 988 4129 speconjuncta
1003 4047 1066 4118 est,
1086 4058 1146 4122 per
1156 4036 1286 4124 fidem

189 4124 285 4188 salus
305 4123 401 4188 n'obrs
425 4122 558 4207 obtigit.
614 4119 805 4190 Praesentis
828 4139 937 4189 autom
959 4125 1010 4189 rei
1035 4145 1130 4208 spes
1158 4133 1304 4190 nonest

188 4201 1305 4383 ttt‘tt'ttttbtttt'ttttbtttttbttttt‘bii'titt

187 4375 411 4465 praesentium
434 4379 595 4445 malorum
617 4379 795 4447 tolerantia
821 4388 1023 4466 exspectare.
1078 4379 1131 4448 At
1153 4376 1301 4448 Paulum

1385 3595 1398 3628 Ι
