2806 5054
107 403 112 413 ,
202 344 269 412 roa
411 309 703 410 'narsaeus
726 333 1101 410 annonarios

203 501 344 568 olendus
363 501 449 569 erit.
498 499 598 570 Hanc
617 523 697 570 raro
716 502 769 568 lex
792 517 1013 572 manascere
1032 469 1199 589 nequivit,
1229 521 1312 588 quo-
1366 539 1379 574 a

11 601 14 608 ’
84 661 85 665 Ἰ
203 588 291 655 niam
307 589 504 675 (quatenus)
519 587 747 674 corporisoitio
762 587 891 653 infirma
911 592 997 656 erat.
1041 585 1172 677 Nempe
1186 583 1312 654 Pecca-

93 726 101 735 .
142 715 147 721 -
202 682 260 764 tus
273 695 340 762 pro
362 674 423 750 suci
441 673 634 830 ippuritate
655 693 716 764 per
734 672 850 772 vitalia
870 671 1004 742 divinae
1025 673 1112 757 legis
1132 684 1311 760 praecepta

200 758 240 826 iu
254 781 393 848 corpore
407 781 450 848 qu
511 766 706 849 occupasset
718 781 840 848 pravas
853 757 1011 826 libidines
1027 758 1243 826 inflammarit
1261 758 1311 823 le·

170 863 173 869 ’
200 847 314 932 citque
331 854 368 910 nt
380 866 502 934 corpus
513 845 639 949 divinis
654 845 819 911 mandatis
832 844 1052 932 obstreperet,
1068 844 1218 910 homiues
1233 865 1312 932 pec·

105 1021 113 1040 ·
199 930 1312 1086 tlt‘tlittttttdttttttt'·bittttttff‘t:

200 1101 341 1186 insunt).
385 1101 482 1188 Quae
496 1126 596 1192 quum
613 1111 706 1170 esset
725 1041 836 1172 remim
860 1039 1116 1169 doadiiio'llens
1135 1102 1204 1187 lagi
1224 1122 1311 1169 mos.

200 1188 387 1291 opitulatus
407 1196 479 1271 est,
511 1190 600 1278 quod
620 1191 719 1261 aliter
739 1191 851 1294 tepere
875 1209 940 1254 non
961 1189 1091 1294 potuit,
1122 1187 1189 1254 uisi
1211 1195 1250 1292 ut
1268 1187 1310 1252 de

199 1272 251 1426 ii
253 1285 499 1448 {timisti
500 1273 694 1449 biarbii?
709 1276 1222 1448 distinctibilis
1225 1281 1313 1426 tt:

199 1445 355 1527 uitasset,
377 1446 554 1517 interemto
568 1469 669 1538 porro
684 1447 814 1514 divim
835 1447 1000 1517 voluntati
1021 1446 1230 1529 obniteretur
1247 1445 1312 1510 im·

71 1533 75 1538 ’
199 1530 456 1620 pedimeutoqoa
482 1542 591 1615 esset,
632 1535 809 1622 quominus
834 1533 995 1599 Peccator
1022 1532 1144 1622 opibus
1170 1551 1312 1598 conaus·
1353 1538 1360 1552 ‘

159 1654 165 1666 ι
199 1617 251 1681 sis
266 1618 334 1685 vita
349 1618 498 1686 homiues
513 1621 714 1708 potirentur.
758 1618 878 1707 ltaque
889 1617 983 1684 Deus
997 1617 1144 1700 cbristo,
1162 1616 1221 1706 qui
1234 1637 1312 1681 cor-

80 1753 88 1778 ,
198 1694 294 1790 poris
310 1701 468 1772 Peccatui
482 1705 619 1772 obnoxii
632 1705 842 1773 anamodus
854 1703 1078 1770 circumdatus
1090 1713 1193 1785 esset,
1206 1703 1312 1768 misso
1390 1755 1391 1764 ,

199 1808 306 1877 eoque
322 1786 487 1858 Peccatus
501 1792 604 1860 causi
616 1793 728 1878 legato
741 1790 942 1880 supplicium
956 1791 998 1856 de
1013 1787 1155 1856 Pscoatu
1177 1784 1313 1869 sumsit,

163 1915 168 1922 ·
200 1895 301 1960 quarm
320 1877 509 1960 Christum,
537 1877 595 1967 qui
618 1886 653 1943 et
673 1886 823 1943 sanctum
847 1898 905 1944 cor
929 1900 969 1944 us
990 1874 1130 1941 baberet
1149 1884 1185 1941 et
1208 1874 1251 1938 ab
1272 1895 1312 1938 se
1376 1873 1379 1881 ¹

197 1970 340 2112 propter
350 1961 530 2032 'Peccatum
545 1964 670 2030 missus
684 1971 775 2030 esset
789 1983 889 2028 necao
916 1985 971 2032 um
987 1963 1194 2042 curavisset,
1224 1960 1259 2026 b.
1278 1981 1313 2028 e.

231 2055 375 2112 occatum
392 2050 433 2116 de
451 2050 646 2140 principatu
664 2049 828 2133 de‘eotunr
846 2072 923 2116 esse
944 2071 1004 2138 per
1023 2047 1181 2133 ambages
1204 2046 1312 2112 bomi-

197 2131 300 2196 nibus
313 2153 351 2199 co
374 2136 540 2220 ostendit,
567 2134 656 2225 quod
676 2072 846 2204 Glaristum
869 2137 963 2202 nullo
984 2129 1073 2222 quud
1093 2134 1128 2198 in
1147 2131 1313 2199 Peccatus

198 2227 367 2304 potestate
388 2229 480 2289 esset
499 2243 642 2311 corpore
669 2223 877 2289 cinctumet
906 2242 1003 2309 quem
1030 2229 1169 2308 propter
1186 2216 1313 2285 Pecca-

197 2313 269 2367 tum
285 2305 435 2410 misisset
452 2309 552 2418 morti
571 2307 723 2418 addixit'
754 2308 864 2411 (Hapc
886 2307 1000 2374 vorbis
1021 2327 1053 2372 v.
1069 2306 1103 2374 3.
1125 2299 1145 2370 ὅ
1166 2302 1253 2381 θεὸς
1268 2341 1313 2352 -

107 2488 111 2496 ¹
197 2389 1229 2566 attttttf'ttttttttt,tzttt‘tttallttzttt
1249 2412 1312 2565 32:

197 2568 260 2628 tet.
303 2561 390 2628 Nam
417 2565 483 2631 nisi
499 2565 656 2650 cbristus
674 2563 945 2632 innocentissime
969 2563 1127 2644 uixisset,
1156 2561 1216 2628 sed
1228 2583 1311 2651 ¹cor-

197 2667 262 2734 pus
285 2645 441 2715 Peccatui
464 2652 718 2741 oppigneratam
741 2652 931 2732 habuisset,
967 2648 1138 2716 moriendo
1158 2656 1311 2733 peccato-

197 2753 273 2797 rum
288 2734 329 2800 ob
343 2744 594 2820 repatriaturum
608 2759 745 2824 poenam
759 2738 910 2804 aorbiisret
920 2735 969 2824 (5,
980 2735 1050 2820 12.)
1065 2733 1205 2826 ejusque
1219 2754 1310 2798 mor·

93 2867 98 2874 .
197 2823 264 2881 tem
280 2821 498 2903 eovaluisse,
519 2832 558 2890 ut
572 2825 734 2891 Peccatus
750 2823 949 2907 imaginario
966 2820 1133 2910 supplicio
1154 2819 1310 2886 ulfiamre·

195 2911 272 2985 tur,
291 2914 416 2972 temere
429 2909 653 2978 crederemus.
696 2913 749 2978 At
770 2909 900 2977 divinae
919 2913 1076 2988 naturae,
1099 2927 1184 2994 quae
1206 2926 1310 2991 quum

195 3008 319 3079 eorpus
341 2993 445 3060 nullis
464 3004 673 3083 peccatorum
696 2995 853 3062 serdibus
874 2998 1130 3082 conspurcatum
1152 2991 1311 3058 babuerit

49 3098 59 3106 ’
99 3095 101 3100 ’
196 3078 283 3179 mori
305 3079 491 3180 plunenon
523 3083 696 3164 debuerit,
730 3081 871 3150 interitu
896 3077 1059 3180 Pecoptns
1086 3075 1310 3162 irnagiaariae

69 3221 72 3227 .
195 3179 269 3226 neor
286 3161 398 3233 dcdrta
415 3175 506 3232 recta
519 3166 626 3234 videri
642 3175 768 3256 potest.
797 3165 898 3250 gl‘tam
913 3164 1072 3234 Cbrrstus
1083 3171 1219 3248 propter
1229 3163 1310 3230 Psc-

196 3253 307 3313 cctum
330 3253 426 3335 (περὶ
443 3247 648 3341 innuptae)
661 3252 822 3320 divinitus
850 3249 1034 3318 mittendus
1064 3258 1150 3316 erat.
1199 3243 1310 3337 Cujus

195 3331 314 3400 missio
328 3335 396 3402 nisi
410 3340 453 3405 nd
468 3339 641 3406 Peccatum
654 3339 896 3428 pertinuisset,
918 3357 982 3406 nou
994 3345 1104 3418 essct,
1126 3332 1215 3421 quod
1232 3334 1310 3439 ejus

194 3427 303 3488 marte
321 3420 473 3489 Peccatui
485 3445 594 3490 aecem
607 3425 736 3490 illatam
749 3445 824 3490 essa
838 3421 1063 3492 crederemus.
1103 3419 1192 3486 Nam
1206 3420 1310 3494 aliam

193 3504 643 3662 tibilitanis*
658 3509 1009 3664 ditabit?
1030 3505 1311 3660 'ttllt‘bt’

194 3614 339 3744 elficard)
359 3703 424 3746 nou
445 3619 632 3770 peleusii,
666 3647 728 3772 per
751 3681 881 3750 Christi
906 3615 1048 3746 mortitii
1066 3677 1215 3768 perlecti
1237 3638 1310 3763 legi

194 3781 280 3832 mos.
295 3785 333 3830 ea
347 3770 479 3848 consilio
493 3770 680 3856 opitulatus
700 3778 773 3850 est,
803 3775 839 3833 ut
860 3765 1066 3834 absolutoria
1092 3785 1199 3851 eaque
1219 3763 1308 3829 vita·

192 3846 239 3914 lis
251 3851 340 3936 legis
356 3873 439 3922 mos.
455 3855 782 3922 sententia-eventum
793 3853 968 3919 baberetin
977 3850 1167 3920 bominibus
1174 3848 1308 3932 christ,

193 3935 253 4020 qui
269 3956 334 4001 nou
350 3937 393 4002 ad
409 3960 467 4005 cor
491 3942 561 4010 oris
581 3939 775 4024 libidinem,
804 3938 865 4005 sed
887 3937 930 4004 ad
949 3936 1018 4004 div.
1039 3936 1183 4024 spiritus
1202 3935 1307 4000 disci-

193 4020 319 4106 plinam
335 4024 437 4089 vitam
475 4027 639 4112 irigerent
653 4032 702 4113 (v.
716 4025 780 4110 4.).
822 4024 868 4090 Et
883 4045 980 4113 quam
992 4023 1048 4090 lex
1061 4043 1146 4091 mos.
1169 4019 1307 4104 absolu·

180 4105 321 4172 tionem
344 4111 477 4176 vitalem
497 4111 648 4201 pollicita
670 4119 763 4194 erat,
804 4131 876 4176 eam
903 4106 1084 4197 aliquando
1113 4105 1307 4171 bominibus
1336 4159 1345 4190 ‚

95 4253 102 4262 ,
193 4188 336 4257 dandam
352 4196 506 4262 brisseio
527 4206 660 4286 promtu
682 4202 747 4262 est.
791 4194 880 4262 Nam
904 4215 965 4284 per
978 4193 1097 4262 Mosen
1110 4193 1220 4272 Dcite,
1249 4191 1306 4256 oui

87 4333 93 4340 .
195 4282 359 4362 promissa
374 4281 536 4348 servanda
550 4287 646 4359 suit,
670 4303 740 4346 rem
757 4282 929 4370 pollicitus
951 4287 1036 4348 erat.
1079 4275 1168 4361 (Hoc
1190 4275 1306 4342 verbis

197 4372 219 4443 ὁ
240 4377 324 4456 θεὸς
343 4417 386 4438 -·-
406 4381 578 4474 κατέκρινε
599 4381 660 4472 τὴν
673 4379 856 4473 :lucustae
876 4381 912 4453 iv
931 4403 960 4450 n.
985 4401 1035 4462 o.,
1064 4368 1138 4455 ἵνα
1160 4376 1211 4464 τὸ1
1230 4379 1306 4446 dc-
