2876 5056
194 345 321 452 soe.
406 335 1094 450 errsrouusuuonsnos
1217 387 1220 396 =

198 531 380 622 mucosppd,
412 527 519 598 πόνου
539 525 652 618 χάρις·
690 524 797 600 εἵνεκα
821 529 893 596 σεῖο
911 527 918 616 Ι
937 525 1041 615 ἀχρὰς
1062 525 1097 594 ἐν
1120 519 1310 615 εὖκάρποις

199 615 276 698 de'rd
301 639 371 685 εσιν
392 613 615 706 ἓγγράφομαι.

319 750 329 769 .
346 705 399 782 10.
415 711 449 768 et
462 705 517 771 20.
547 701 657 789 Quum
673 695 715 769 P.
730 695 819 787 quod
835 696 960 763 ethnici
981 695 1159 764 obtendere
1178 696 1311 786 potuis·

201 785 276 856 sent
296 787 439 876 defracti
459 789 546 856 rami
565 793 660 869 sunt,
687 806 746 852 noe
766 781 855 850 oleae
872 782 964 850 insiti
982 803 1092 850 eumue
1108 785 1143 852 b.
1157 804 1188 849 e.
1202 804 1260 848 nos
1276 783 1312 846 in

203 875 398 946 ludaeorum
417 897 438 939 n
457 873 528 940 Deo
550 869 774 940 abdicatorem
796 868 899 934 locum
921 868 1132 936 successimus
1153 866 1314 934 diluisset

202 982 235 1032 v.
250 963 303 1027 17.
317 965 352 1024 et
369 957 440 1042 18„
469 957 513 1024 iis
534 957 617 1022 banc
638 953 856 1048 objectionem
873 953 1020 1044 relinqui
1034 953 1139 1022 vidit:
1168 951 1314 1040 defracti

197 1043 329 1115 ,rumuli
343 1048 436 1126 sunt,
463 1050 500 1110 ut
520 1062 591 1129 epo
612 1040 773 1108 insererer
794 1039 819 1105 i.
836 1056 868 1108 e.
888 1059 929 1106 co
951 1039 1125 1106 coneilio
1146 1041 1238 1105 Deus
1254 1038 1313 1102 Ju-

203 1131 301 1200 doeoe
314 1127 515 1216 remediavit,
542 1133 580 1194 ut
600 1148 658 1192 me
678 1146 736 1191 suo
755 1121 870 1214 favore
888 1125 1146 1210 amplecteretur.
1189 1123 1312 1209 ltaque

204 1217 289 1281 bauo
311 1213 527 1304 objectionem
549 1211 663 1300 posuit
690 1232 722 1278 v.
741 1211 811 1293 19„
846 1215 883 1275 ut
905 1231 977 1275 eum
998 1208 1170 1275 refelleret
1193 1229 1225 1275 v.
1242 1208 1314 1278 20..

205 1298 293 1386 ἐρεῖς
308 1291 380 1390 οὖν]
401 1299 489 1368 dices
510 1295 682 1385 (obicies)
702 1297 835 1382 ipitur
855 1301 911 1380 (bu
932 1294 1011 1378 mitti
1033 1315 1108 1367 nun
1129 1295 1231 1381 iopen)
1255 1313 1313 1382 upa

205 1389 380 1474 postquem
407 1382 495 1471 quod
521 1404 563 1448 uo
588 1381 617 1448 is
640 1381 782 1484 primum
807 1381 952 1530 olpjicere
975 1380 1144 1482 potuisses
1167 1379 1314 1466 (exciso-

204 1463 1314 1644 001000.10011ἓὲ0110ι.0.;2;ῑὶ“*.0;11;ι..0.ῗ
1418 1541 1419 1552 ¹

207 1638 650 1810 tltetttttttlttti
666 1637 1235 1792 filiiiifffiebi‘ifvi‘fdfe
1263 1634 1314 1788 ii]

208 1809 263 1874 37.
285 1810 339 1878 40.
357 1809 413 1876 47.
435 1809 487 1880 57.
507 1809 562 1876 72.
582 1809 637 1875 73.
658 1808 715 1882 80.
731 1808 777 1877 el.
801 1809 863 1875 Mt.
876 1829 907 1874 e.
921 1807 946 1874 f.
962 1829 993 1873 e.
1007 1806 1034 1875 l.
1048 1829 1080 1873 n.
1101 1815 1135 1872 et
1153 1815 1314 1896 quattuor

209 1893 293 1966 Gdd.
314 1916 355 1958 ex
377 1902 521 1984 septem,
551 1915 634 1980 quos
648 1891 989 2043 Matthaeiaslpoeteu
1006 1894 1173 1960 consuluit
1193 1897 1241 2043 pp.
1258 1891 1313 1959 ed.

1225 2000 1246 2041 a

210 1979 305 2062 min.)
327 1977 448 2066 Chrys.
471 1978 587 2068 (etiam
606 1980 641 2044 in
663 1979 723 2046 Mt.
739 1981 772 2044 3.
787 1977 838 2065 8.)
897 1997 1018 2045 emese.
1039 1976 1134 2048 θοι..
1251 2000 1314 2066 que

82 2057 85 2072 ¹
176 2097 179 2114 ι
209 2064 384 2146 firmemus,
406 2064 591 2142 Colinuens,
612 2062 1033 2147 septemsortes,
1052 2060 1173 2149 Benp.,
1195 2063 1316 2144 Knup-
1420 2113 1421 2116 ι

207 2148 300 2240 piem,
333 2149 472 2216 Laelm.
495 2148 619 2238 aliique
641 2147 817 2213 articulum
840 2147 1033 2214 deleverunt
1054 2150 1217 2236 multique
1239 2170 1315 2213 eum

210 2232 434 2302 adulterinum
456 2252 530 2300 esse
552 2232 739 2300 'udicaruut
776 2255 806 2301 v.
821 2255 849 2301 c.
865 2233 1010 2319 Griesb„
1036 2231 1152 2303 Rinclc.
1169 2233 1316 2302 Lucubr.

210 2339 245 2412 p.
261 2319 353 2398 127„
381 2316 513 2398 Reicfe„
585 2319 699 2404 epten).
787 2328 801 2383 t
818 2319 994 2383 articulum
1013 2318 1222 2384 retinendum
1239 2341 1316 2384 esse

211 2404 399 2480 necessarie
422 2403 649 2482 demonstres,
684 2423 749 2468 non
770 2406 877 2470 solum
899 2403 1122 2492 probabiliter
1142 2405 1315 2472 ostendes.

210 2487 341 2558 Etenim
367 2487 463 2554 bomo
486 2487 623 2570 gentilis
634 2487 787 2572 populum
796 2487 967 2574 judaicum
982 2509 1000 2552 a
1015 2487 1090 2556 Deo
1104 2491 1316 2578 repudiatum

210 2594 297 2656 esse,
319 2580 357 2637 ut
372 2573 444 2662 ipse
461 2572 494 2637 iu
510 2572 575 2639 Dei
588 2573 731 2656 gratiam
746 2574 873 2639 reniret
887 2573 938 2659 (b.
950 2595 980 2640 e.
995 2595 1073 2660 quos
1086 2575 1169 2640 otico
1182 2575 1317 2641 debuis-

147 2679 154 2694 ³
208 2665 259 2723 eet
277 2679 386 2724 ramos
404 2659 533 2726 excisos
554 2678 646 2739 esse,
673 2665 711 2730 ut
732 2657 806 2747 ipse
828 2658 941 2724 arbori
963 2659 1183 2744 insereretur)
1207 2657 1316 2728 Paulo

209 2742 244 2809 b.
257 2744 281 2809 1.
296 2741 440 2834 objicere
454 2742 570 2824 debet,
596 2743 765 2808 moontelios
781 2743 919 2812 Jerdueoo
934 2743 1000 2808 Dei
1014 2745 1125 2828 grutid
1140 2746 1317 2829 excidisse,

210 2836 248 2896 ut
267 2829 340 2916 ipse
360 2827 447 2915 upud
463 2827 571 2893 Deum
591 2827 760 2912 gratiosus
780 2839 887 2910 esset,
913 2837 972 2893 aut
991 2831 1115 2918 aliqum
1134 2853 1243 2896 rennos
1258 2832 1317 2898 de-

209 2914 335 2981 fractos
349 2936 442 2996 esse,
471 2923 508 2978 ut
530 2914 604 3000 ipso
625 2914 659 2978 in
680 2913 786 2978 oleam
811 2915 1044 2982 immitteretur
1065 2937 1214 3003 paganus
1234 2939 1317 3006 apo·

154 2999 156 3008 ’
209 2999 297 3067 stolo
320 3021 359 3064 ne
380 3009 493 3086 potest
513 2993 646 3089 quidem
670 2997 725 3062 bic
746 2998 902 3086 objicere.
952 2999 1061 3065 Docet
1077 3003 1317 3090 disputationis

210 3084 378 3170 paullinus
400 3094 508 3152 tenor.
554 3081 688 3171 Scripto
705 3104 754 3154 vs.
769 3087 822 3151 15.
840 3081 878 3151 P.
894 3086 1021 3150 veritus
1037 3093 1108 3167 est,
1130 3109 1171 3152 ne
1187 3089 1229 3152 ab
1242 3089 1317 3154 etb—
1333 3117 1340 3142 ι

209 3169 293 3236 niuis
313 3171 469 3256 prognati
490 3171 635 3234 lectores
655 3168 733 3256 plus
750 3167 867 3256 populo
882 3167 1018 3255 judaico
1042 3173 1202 3237 tributum
1228 3196 1315 3257 esse,

210 3275 307 3340 quom
329 3256 452 3320 veritas
473 3262 645 3340 pateretur
667 3253 824 3322 arbitrati
845 3254 905 3318 hoe
919 3255 985 3319 sibi
1000 3256 1233 3326 obtenderent:
1264 3260 1317 3323 di·
1407 3322 1411 3338 ,

208 3339 292 3404 ferit
310 3336 406 3404 Deus
429 3338 654 3428 patriarchas,
685 3334 883 3422 non‘diligit
904 3361 1017 3406 eorum
1039 3353 1206 3429 posteros.
1266 3343 1317 3411 Ut

208 3423 289 3492 haec
311 3422 477 3490 dubitatio
497 3430 706 3494 amoveretur
724 3425 932 3512 patriarchas
953 3428 1102 3494 subolem
1126 3451 1218 3494 suem
1237 3429 1316 3496 Deo

207 3530 336 3578 sacram
352 3519 386 3578 et
400 3530 509 3573 caram
526 3506 712 3574 reddidisse
727 3512 797 3596 Ap.
810 3509 944 3579 monuit
953 3531 984 3583 v.
1000 3513 1066 3581 lo..
1117 3511 1216 3590 Nune
1235 3538 1320 3600 gen·

207 3591 286 3661 tiles
308 3614 400 3662 sunm
421 3583 563 3661 nationis
579 3590 736 3678 judaicae
757 3597 1009 3662 contemtionem
1032 3598 1094 3663 boc
1119 3595 1315 3678 argumento

207 3679 296 3750 tueri
314 3685 486 3768 poterunt:
514 3677 681 3745 abdicarit
699 3678 794 3744 Deus
810 3677 976 3761 Judaeos,
1001 3704 1061 3748 nos
1084 3684 1315 3766 pepercimus

139 3761 141 3770 ’
205 3767 396 3854 complexus
412 3772 464 3829 est
479 3762 634 3846 (defracti
648 3764 733 3836 rami
747 3769 842 3844 suut,
865 3787 925 3832 nos
942 3767 1042 3855 stirpi
1058 3769 1153 3834 insiti
1168 3776 1315 3854 snmus).

206 3849 365 3920 Occurrit
388 3847 423 3922 P.
445 3847 519 3915 huic
543 3847 722 3940 objectioni
741 3870 772 3920 v.
788 3850 841 3919 17.
856 3859 890 3914 et
904 3852 972 3921 18..
1025 3851 1207 3940 Reliquum
1230 3863 1315 3936 erat,

206 3945 244 4002 ut
264 3936 416 4003 ultimum
433 3955 642 4084 paganorum
663 3933 850 4024 perfugium
866 3935 1113 4020 obstrueretur,
1141 3942 1314 4026 quisnam

205 4021 321 4112 populi
339 4019 414 4122 jud.
457 4017 684 4112 espicientiam
706 4018 767 4085 brie
790 4020 919 4086 ratione
939 4021 1120 4088 defendere
1139 4035 1316 4114 poterant:

205 4127 243 4175 eo
261 4107 392 4172 concertio
414 4104 508 4170 Deus
532 4104 708 4172 Judaeoe
728 4103 910 4188 abdicarit,
945 4114 983 4177 ut
1008 4129 1078 4176 nce
1105 4109 1220 4196 favore
1242 4133 1314 4177 am.

204 4192 399 4276 plecteretur
421 4189 553 4274 (idcirco
568 4189 622 4276 peri
634 4189 669 4255 in
682 4188 766 4256 uliud
781 4189 915 4279 fuessent
928 4193 1015 4258 romi
1030 4193 1133 4258 excisi
1148 4204 1248 4278 sunt,
1276 4205 1314 4264 ut

204 4296 262 4358 epo
273 4275 386 4340 arbori
400 4275 569 4341 insererer
584 4294 613 4339 v.
623 4275 675 4341 19.
698 4275 741 4341 cf.
756 4277 877 4359 v.ll.).
910 4277 984 4342 Hoc
993 4273 1033 4346 P.
1045 4279 1126 4344 fucit
1141 4281 1238 4349 v.2o.
1248 4304 1315 4362 sq..

205 4353 549 4478 Ncnpulloedudeeos
569 4357 678 4431 Deum
707 4360 749 4428 ab
778 4381 814 4430 se
843 4358 1012 4459 depulisse
1038 4360 1316 4454 (ἐξεκλάσθησαν
