2824 5054
1105 17 1109 27 r

1268 35 1275 42 ι

1159 51 1165 88 1
1206 77 1209 90 .

1068 107 1073 116 ι

68 453 80 470 „
202 353 270 453 aas
339 367 342 370 ·
413 304 1101 467 srrsronannnounuos
1271 303 1274 310 ’
1393 457 1394 464 Ν

95 563 97 570 .
201 476 301 596 τιμήν
319 506 463 573 bominac
482 497 605 572 samaro
618 488 734 570 boemo
754 502 934 584 (messiansi
949 471 1131 589 felicitatel
1148 506 1318 594 afficiendi

200 606 235 662 et
250 589 351 678 σκεύη
373 588 422 667 εἷς
435 587 579 673 ,ἀτιμίαν
596 589 737 658 nomines
757 591 994 678 (sempiternae
1014 591 1184 672 miseriae)
1205 602 1317 660 coatu-
1393 627 1394 636 κ

200 681 331 748 melium
352 677 497 748 habituri
515 677 575 761 (cl.
596 696 629 743 r.
648 675 703 738 22.
724 674 808 757 23.).
858 673 930 741 lmo
954 669 974 762 ἡ
992 672 1073 763 τιμή
1100 688 1134 742 et
1154 673 1173 762 ἡ
1196 675 1317 761 ἀτιμία

200 767 302 850 inrisu
321 762 408 829 casis
427 763 526 829 bonor·
546 767 579 827 et
599 759 791 827 contumelia
813 768 877 836 est.
927 761 1095 828 Honorem
1118 763 1192 827 vasi
1215 764 1317 830 babe-
1394 825 1395 830 ,

201 872 293 932 mus,
328 868 392 935 quo
421 856 459 911 ut
484 847 633 934 pretiose
656 845 797 913 utimur:
832 848 1028 930 contumeliis
1053 843 1218 913 allicimus
1246 871 1317 932 ras,
1394 841 1395 852 ¹

200 955 266 1024 quo
280 941 317 999 ut
331 934 391 998 vili
403 938 438 996 ct
454 933 579 997 nullius
592 931 693 1019 pretii
710 951 746 995 re
760 932 938 999 abutimur.
982 931 1086 999 Diod.
1107 933 1177 1002 Sic.
1193 936 1247 1016 17,
1260 939 1316 1004 66.

167 1091 172 1100 ,
197 1021 300 1088 Darii
314 1018 499 1100 errnrrcbus,
520 1038 619 1105 quum
635 1016 819 1081 Alexandri
836 1017 882 1086 Μ.
896 1016 1036 1104 pedibus
1053 1019 1150 1083 Darii
1168 1041 1315 1086 mensam

174 1133 178 1150 κ
198 1110 400 1173 substratam
417 1124 492 1168 esse
506 1103 663 1182 vidisset,
690 1102 876 1168 lacrimavit
892 1105 1141 1192 sciscitantique
1155 1106 1317 1172 Alexan-

92 1230 94 1246 ι
197 1193 259 1258 dro
282 1210 342 1256 cnr
360 1189 394 1253 id
414 1190 540 1254 facerat
561 1185 752 1276 respondit:
777 1179 904 1274 ἤλγηκα
924 1185 1005 1260 ἰδὼν
1030 1188 1068 1254 τὸ
1090 1188 1171 1276 παρ’
1196 1187 1314 1276 ἐκείνῳ

108 1335 110 1347 .
196 1274 346 1360 μάλιστα
363 1272 549 1357 τιμώμενον
567 1268 770 1350 abaciacum
793 1271 926 1358 γεγονὸς
947 1271 1077 1350 σκεῦος.
1127 1276 1314 1344 Converte:
1395 1273 1396 1298 ³

197 1373 256 1428 aut
277 1382 386 1428 nonne
403 1367 601 1448 potestatem
623 1359 723 1422 babet
740 1357 859 1442 fiparlrrs
873 1360 907 1423 in
920 1364 1042 1425 metam
1053 1357 1313 1454 fipliaumqqusi

196 1471 236 1516 ex
257 1445 371 1512 eadem
392 1451 519 1532 (cretae
540 1445 691 1530 figlinas)
710 1442 1000 1524 m'asssialterum,
1029 1447 1117 1578 quod
1133 1447 1311 1520 inhonore

194 1533 259 1614 sit,
280 1534 441 1619 alterum,
463 1527 552 1618 quod
567 1532 601 1594 in
615 1528 833 1615 contqmeliti,
854 1551 912 1594 vas
926 1531 1048 1614 lingat.
1082 1529 1209 1610 Eadem(
1225 1535 1311 1598 ratio

194 1616 614 1697 lociest2Tim.2‚2d..
655 1612 697 1679 In
720 1614 830 1701 amplai
852 1614 948 1682 domo
969 1615 1094 1682 diversi
1111 1603 1215 1704 pretii
1231 1640 1324 1685 vasa¹
1396 1665 1397 1676 n

74 1741 78 1750 ·
195 1714 273 1787 aunt
301 1704 358 1768 καὶ
387 1693 563 1784 ii'padr'ric
582 1699 698 1786 τιμὴν,
730 1689 809 1764 ildd
829 1699 877 1777 εἷς
895 1695 1030 1782 ἀτιμίαν
1050 1709 1083 1767 et
1098 1705 1167 1768 alia
1187 1703 1310 1784 bonati,
1396 1695 1397 1746 3

125 1865 130 1872 ,
194 1792 262 1860 ulio
282 1787 494 1854 contumeliae
514 1793 590 1852 aunt
612 1786 636 1852 i.
658 1807 689 1853 c.
711 1785 789 1853 aliis
804 1785 910 1850 bonor
925 1786 1083 1866 babetur,
1110 1783 1177 1852 alia
1190 1799 1309 1855 eontu-

194 1875 326 1955 meliarn
343 1874 545 1976 patiuntur.¹
574 1869 662 1939 ibid.
679 1891 710 1936 v.
727 1873 781 1936 21.
799 1873 917 1948 σκεῦος
932 1867 982 1947 εἰς
994 1869 1094 1957 τιμήν
1115 1883 1167 1938 cst
1182 1892 1243 1940 vas
1259 1876 1310 1940 cui

68 1993 78 2002 ·
135 1975 139 1980 '
192 1962 291 2028 aanor
311 1960 494 2036 induratur,
523 1977 580 2023 rur
598 1957 800 2023 dannatum.
817 1992 859 2004 -
909 1958 1036 2020 Vanam
1057 1959 1308 2048 esseobjoctio-

193 2069 266 2112 nem
293 2067 323 2112 v.
347 2038 733 2126 19.τίὲτιμέμφεται;
762 2062 801 2105 eo
822 2043 892 2128 Ap.
914 2041 1172 2126 demonstravit,
1206 2047 1307 2132 quod,

194 2130 348 2220 quoniam
375 2127 546 2193 homuncio
562 2136 686 2192 temere
701 2147 774 2202 eum
791 2126 864 2192 Dec
880 2128 1076 2210 altercatur,
1097 2130 1156 2194 illa
1172 2132 1306 2204 omniuo

191 2239 256 2282 non
275 2215 378 2280 irrerit
399 2211 624 2302 proponenda.
664 2210 754 2276 'Nam
775 2218 808 2274 et
827 2233 902 2276 esse
921 2220 1027 2278 totum
1046 2215 1212 2282 bominem
1238 2215 1306 2282 Dei

190 2302 358 2390 opificium
382 2295 654 2386 quemadmodum
676 2317 736 2362 vas
757 2297 908 2378 figlinum
925 2299 1037 2381 figuli,
1059 2311 1094 2364 et
1108 2302 1213 2366 licere
1228 2300 1303 2368 Deo

190 2409 234 2453 ax
257 2386 372 2452 eodem
392 2387 463 2448 luto
485 2391 552 2448 tum
577 2383 731 2446 bonorem
777 2391 846 2447 tum
871 2386 1101 2448 contumeliam
1127 2387 1304 2454 babituros

145 2518 148 2528 ι
189 2471 343 2539 homiues
369 2467 527 2565 condere,
561 2467 649 2556 sicut
675 2429 798 2552 figulus
819 2489 858 2531 ex
884 2468 998 2534 eadem
1019 2471 1108 2538 creti
1131 2471 1250 2558 figlinis
1270 2485 1305 2541 ct

188 2557 337 2648 pretiosa
353 2564 385 2621 et
400 2552 478 2621 vilia
494 2573 571 2619 vasa
587 2553 690 2636 lingat
711 2573 771 2639 pro
786 2553 934 2632 ‘arbitrio
950 2577 980 2622 v.
1000 2557 1050 2624 19.
1063 2593 1106 2607 -
1118 2557 1187 2627 21..
1233 2560 1301 2625 Ve-

187 2663 284 2724 reor,
307 2647 344 2706 ut
365 2642 444 2705 baec
461 2638 578 2704 summi
591 2640 751 2725 Apostoli
772 2641 1013 2723 argumentatio
1029 2645 1180 2730 apposita
1200 2645 1249 2709 sit
1261 2645 1302 2710 ad

72 2763 80 2774 ι
213 2725 466 2794 arsuadendum.
501 2721 596 2789 'Nam
620 2723 753 2788 etiamsi
773 2723 880 2798 Deum
903 2726 935 2789 iu
959 2727 1139 2792 lormundis
1159 2731 1301 2796 bomini-

187 2751 269 2895 bus,
291 2808 563 2900 quemadmodum
583 2810 720 2891 figulum
749 2810 781 2872 in
804 2810 967 2894 fingendis
990 2813 1098 2894 vasis,
1126 2815 1301 2887 nibilnisi

188 2899 362 2964 arbitrium
379 2911 473 2961 sturm
497 2894 593 2982 sequi
608 2896 829 2976 concesseris,
853 2917 1049 2982 quamquam
1073 2921 1110 2962 ca
1130 2901 1253 2966 levitas
1266 2903 1299 2966 in

62 3007 63 3010 ¹
125 3034 128 3042 v
185 2985 253 3050 Dei
274 2983 481 3049 sanctitatem
503 3003 539 3046 sa
568 2982 704 3048 lentiam.
730 2987 764 3046 et
785 2979 1021 3064 benignitatem
1044 2985 1177 3050 minime
1199 2988 1300 3069 cadit,

185 3070 248 3136 boc
267 3067 529 3135 tautummodoe
556 3072 662 3131 ectum
684 3074 752 3132 est:
784 3066 892 3144 Deum
907 3069 998 3131 utim
1026 3069 1169 3150 eriqsnm
1190 3083 1225 3137 et
1240 3077 1299 3161 qui

181 3154 272 3246 juris
290 3157 363 3221 loco
385 3173 561 3232 summam,
591 3151 657 3237 quai
680 3153 822 3239 polleat,
846 3154 914 3219 rim
937 3155 1056 3218 babeat
1070 3165 1247 3239 tyrannum
1263 3166 1298 3224 et

84 3257 88 3262 “
184 3247 316 3309 beatam
331 3246 364 3306 et
380 3241 533 3304 miseram
551 3249 674 3302 sortem
689 3237 872 3302 attribuere
887 3238 1136 3328 quibuscunque
1152 3244 1297 3310 voluerit

184 3349 215 3397 r.
231 3327 302 3408 18„
332 3346 396 3389 nou
419 3324 558 3388 evictum
578 3328 649 3404 cst,
677 3321 765 3407 quod
789 3329 862 3387 crat
884 3325 1195 3394 demonstrandum:
1223 3351 1297 3396 cca-
1398 3365 1399 3380 κ

183 3409 351 3478 otore'sibi
365 3411 483 3489 Deum,
505 3427 601 3494 quum
614 3415 764 3490 carpat
777 3405 936 3473 bominum
952 3411 1126 3496 nequitiam
1141 3413 1190 3478 ub
1206 3415 1295 3498 ipso

181 3493 419 3584 profectum
447 3499 495 3580 tr.
518 3513 551 3559 v.
572 3493 624 3558 19.
643 3493 740 3563 ,el.'v.
762 3493 845 3575 18.).·
895 3493 1039 3577 Matuta,
1083 3497 1137 3561 eui
1169 3499 1295 3583 figulus

182 3577 265 3655 vitio
278 3585 442 3656 verteret,
464 3576 551 3664 quod
564 3579 676 3641 crater
691 3599 752 3642 non
768 3584 884 3658 esset„
899 3581 929 3643 si
941 3602 1034 3645 mens
1047 3580 1083 3645 in
1099 3583 1137 3648 esi
1154 3595 1247 3649 esset
1259 3595 1311 3650 et·

180 3667 375 3746 consilium,
403 3675 493 3730 recte
513 3662 616 3746 figulo
638 3661 934 3730 dicerett‘morosc
955 3666 1085 3752 opifex,
1111 3669 1228 3754 quidni
1241 3691 1291 3737 me

180 3759 342 3826 craterem
358 3771 430 3814 esse
445 3747 583 3815 voluisti
592 3741 609 3815 i
636 3747 721 3814 ltcm
737 3750 832 3815 bomo
847 3753 1026 3834 scelestus,
1048 3751 1102 3816 cui
1119 3754 1215 3820 Deus
1229 3777 1291 3843 pro

181 3834 420 3926 omnipotentiai
443 3835 503 3899 susi
525 3834 635 3898 scelus
655 3834 910 3917 inseminosset,
939 3834 1013 3900 Deo
1036 3841 1290 3924 perversitatem

179 3921 394 4014 exprobranti
411 3918 488 4009 jure
506 3917 650 3985 dicer‘et:
676 3919 833 4007 equidem
850 3929 942 3986 sorte
962 3943 1064 4007 quam
1082 3924 1164 3989 mibi
1186 3925 1291 3992 desti·

165 4010 269 4075 ·uasti
288 4017 463 4073 contentus
485 4025 576 4084 sum3
605 4003 684 4083 sed,
711 4007 742 4070 si
761 4007 824 4070 tibi
847 4027 1030 4072 mea'meus
1050 4007 1227 4098 displicet,
1257 4019 1290 4077 te

179 4095 352 4180 vitupera,
375 4090 433 4178 qui
445 4111 509 4156 non
523 4091 692 4156 meliorem
712 4092 793 4156 mibi
809 4100 947 4157 mentam
964 4092 1117 4176 dederis,
1145 4116 1290 4179 nonme,

202 4179 332 4245 uitalis
346 4177 410 4242 sim
425 4177 555 4264 qualem
568 4197 620 4242 me
635 4197 710 4246 ease
718 4175 879 4264 jusseris.
921 4175 999 4242 Non
1015 4185 1104 4245 recte
1119 4179 1241 4263 Roneis.
1255 4190 1290 4248 et

209 4265 327 4331 aterius
347 4261 370 4332 l.
393 4285 422 4330 c.
441 4283 476 4350 p.
491 4261 568 4330 269.
582 4283 635 4348 sq.
655 4265 841 4351 exemplum
860 4284 883 4328 a
897 4263 1001 4347 figulo
1019 4259 1168 4352 'petitum
1183 4287 1216 4336 r.
1232 4267 1288 4338 20.

85 4429 87 4434 Ι
179 4344 294 4438 aptum
307 4369 382 4416 esse
397 4355 530 4435 negant,
551 4349 703 4436 quianon
718 4346 759 4414 ds
771 4347 881 4434 prima
894 4347 1062 4417 bominum
1077 4351 1289 4437 formatione,
