2806 5054
328 335 331 348 ⁸
391 334 886 476 'cnr.'v111.'vn.1o..
1031 431 1035 446 ·
1117 397 1200 470 aas
1282 471 1289 484 ,

95 569 251 651 turandus
266 547 376 634 mente
388 563 561 672 praeditae
577 561 1068 632 excludanturdieiautument:
1084 559 1199 628 Tirso-

97 649 227 716 doretus
247 671 279 718 v.
298 651 350 718 19.
371 673 431 738 την
452 647 561 716 κτίσιν
581 651 719 718 πᾶσαν
739 648 810 737 τήν
826 644 1198 736 ὃρωμένηνκτίσιν

97 738 177 802 inter
200 741 332 824 retatus
349 735 483 802 stridon
499 731 517 822 ἡ
535 719 641 812 misr}
658 736 750 804 v.22.
762 733 820 826 ripn
834 725 1004 820 ὁρωμένην
1018 731 1125 798 κτίσιν
1140 731 1198 796 καί
1258 753 1262 761 ’
1287 740 1290 746 “

96 819 149 908 τὴν
168 757 314 908 (ίόρατον
336 822 369 889 b.
392 830 576 906 epraeter
599 823 743 902 eoelum,
773 828 916 900 terram,
940 841 1073 899 nerem,
1096 841 1199 904 mare,

97 909 190 972 solem
209 913 243 970 et
256 907 365 970 lunam
383 903 557 992 ἀγγέλους,
579 900 816 992 ἄρχαγγέλονς,
839 905 1011 986 δυνάμεις,
1035 903 1197 983 ἐξουσίας,

97 985 289 1090 κυριότρτας
300 994 452 1082 exponit:
472 991 665 1056 Koellnerur
677 989 737 1076 τὴν
751 987 859 1056 κτίσιν
873 999 907 1055 et
922 991 1035 1055 πᾶσαν
1048 991 1106 1078 τὴν
1121 989 1197 1056 κτί-

97 1096 145 1147 σιν
157 1076 236 1140 nilul
248 1097 321 1159 non,
343 1078 425 1164 ραααί
437 1100 457 1142 ιι
470 1077 540 1142 Deo
553 1083 759 1160 procreatum
773 1077 828 1152 sit,
845 1076 944 1140 itaut
958 1098 999 1140 ne
1011 1075 1198 1144 Christiani
1284 1115 1287 1120 ·

119 1159 221 1226 uidem
242 1162 375 1250 excepti
392 1163 478 1244 sint,
498 1161 776 1250 comprehendere
790 1161 971 1229 existimat.
1000 1162 1099 1228 Mitt
1112 1161 1199 1228 nihil

97 1181 305 1314 dubitandum
321 1248 469 1328 ridetur,
490 1249 571 1396 puin
595 1245 635 1315 P.
649 1244 711 1334 criu
724 1243 832 1311 κτίσιν
846 1253 881 1312 et
894 1249 1008 1311 πᾶσαν
1018 1245 1078 1334 τὴν
1090 1245 1198 1313 κτίσιν

24 1365 25 1412 4
95 1332 172 1405 nihil
194 1330 261 1397 nisi
284 1333 390 1421 ipsam
412 1353 486 1398 mun
514 1333 523 1396 i
547 1333 729 1397 machinam
750 1331 894 1416 (coelos,
922 1331 1054 1414 sidera,
1076 1355 1198 1420 aerepn

24 1455 25 1486 3
93 1419 228 1501 terram)
243 1415 385 1500 dixerit,
419 1417 460 1482 de
482 1417 584 1482 rebus
606 1426 640 1483 et
661 1417 792 1483 naturis
813 1418 846 1481 in
871 1417 990 1483 mundo
1004 1417 1197 1485 constitutis

24 1495 26 1544 ί
94 1503 184 1594 plane
206 1522 273 1568 non
298 1503 507 1590 cogitaverit.
552 1503 626 1568 lloo
648 1503 709 1568 loci
731 1511 973 1590 ornamentum„
995 1503 1041 1587 N.
1059 1505 1098 1569 T.
1114 1505 1198 1570 sori·
1291 1523 1292 1528 ¹

24 1599 25 1602 ’
95 1595 219 1672 plorum
234 1587 397 1675 inpeninm
410 1599 444 1654 et
458 1589 531 1673 ipso
548 1589 727 1656 tententiae
741 1609 762 1652 n
777 1589 815 1658 P.
830 1589 1019 1656 enuntiatae
1033 1587 1197 1674 majestas

43 1707 46 1716 ·
95 1673 336 1742 commonstrat.
379 1673 541 1748 Homines
555 1674 699 1740 cbristo
713 1675 755 1760 τῇ
764 1675 870 1737 κτίσει
884 1672 1106 1775 sejungendos
1120 1695 1197 1758 esse

93 1765 244 1845 apparet3
265 1759 507 1868 distinpnnntnr
529 1758 615 1824 enim
640 1754 672 1824 oi
687 1753 755 1823 υἱοὶ
768 1755 829 1823 τοῦ
843 1762 948 1842 θααν,
969 1757 1010 1844 τὰ
1023 1757 1121 1825 τέκνα
1133 1758 1197 1824 τοῦ

24 1895 25 1908 .
92 1839 172 1910 θεοῦ
188 1849 222 1907 et
238 1837 272 1908 oi
284 1840 344 1940 spa
359 1842 514 1930 απαρχὴν
526 1843 588 1909 ταί
604 1837 793 1923 πνεύματος
808 1841 938 1942 ἔχοντες
950 1865 983 1911 v.
1001 1847 1052 1911 te.
1066 1847 1121 1914 21.
1137 1845 1196 1935 23.

24 1945 25 1950 ¹
94 1923 291 2015 ιτῇκτίσει.
335 1922 454 2017 Neque
467 1929 622 2017 angelos,
645 1928 750 1997 malos
788 1947 899 2009 entus,
922 1930 1054 2014 plantas
1075 1940 1106 1994 et
1123 1931 1197 1996 ani-

87 2013 182 2079 'tnalia
200 2007 243 2088 P.
255 2015 297 2104 τῇ
311 2010 416 2080 κτίσει
428 2015 566 2080 subesse
580 2008 698 2082 r'olult.
777 2035 828 2076 aar
845 2012 1034 2082 ne'Judaeis
1050 2011 1197 2102 quidem,

94 2103 150 2168 non
172 2097 268 2168 nodo
290 2098 335 2168 Ν.
352 2099 397 2169 Τ.
418 2099 651 2188 scriptoribus,
667 2098 701 2162 in
716 2107 858 2163 mentem
875 2100 966 2164 venit
981 2103 1196 2185 statuerelrcl
1250 2131 1254 2136 ·

94 2185 222 2268 angelos
244 2191 279 2254 et
298 2185 467 2271 improbos
489 2185 604 2268 genios
639 2194 759 2271 ‚ropter
773 2183 898 2250 Adami
911 2187 1021 2250 scelus
1036 2187 1195 2252 mortales

94 2277 123 2334 et
135 2269 281 2336 caducos,
291 2271 441 2360 redditos
454 2293 540 2352 esse,
554 2271 606 2336 rel
621 2205 747 2335 bestias
764 2276 797 2334 et
812 2270 1097 2357 plantasblessiae
1110 2280 1194 2336 tem-
1236 2319 1238 2329 .

24 2365 25 2370 ’
93 2353 223 2443 poribus
253 2355 544 2429 immortalitatem
567 2363 602 2422 et
629 2355 869 2444 perennitatem
892 2365 1085 2443 recepturas
1106 2377 1195 2438 esse,

95 2459 182 2524 qaam
197 2443 410 2508 antcAdami
426 2441 621 2506 maleficium
640 2442 834 2507 habuissent
849 2443 989 2526 (v.2l.).
1032 2433 1194 2507 Homines
1254 2435 1257 2462 ¹

24 2545 25 2606 1
94 2545 216 2612 quoqne
237 2529 298 2612 τῆς
317 2523 455 2604 κτίσεως
476 2526 636 2591 vocabulo
660 2547 723 2593 non
744 2526 968 2600 continentur.
1025 2527 1111 2592 bam
1135 2529 1194 2616 qni

24 2613 25 2662 l
93 2609 236 2698 improbe
265 2613 409 2682 vixerint
438 2633 547 2698 neque
574 2611 709 2682 Christo
735 2611 831 2675 tidem
864 2611 1058 2694 habuerint,
1097 2612 1194 2702 ἐντῇ

93 2691 258 2784 παρουσίᾳ
273 2701 335 2774 τοῦ
350 2699 502 2782 Χριστοῦ
513 2693 617 2761 Paulo
626 2697 739 2786 judice
755 2697 839 2759 nihil
854 2697 1084 2778 lucrabuntur.
1116 2696 1197 2776 Non

24 2779 25 2788 ’
93 2778 138 2849 illi
161 2780 202 2844 ad
225 2783 353 2847 beatam
376 2783 676 2864 immortalitatem,
700 2803 797 2879 qtram
817 2781 891 2870 jure
913 2778 973 2868 τὴν
994 2779 1196 2868 ἀφθαρσίαν

94 2867 236 2952 appelles
258 2859 649 2952 (257.2Ttm.·1,10.),
674 2869 882 2953 pertingent,
911 2866 971 2931 sed
993 2870 1195 2956 sempiterna
1299 2873 1303 2880 “

93 2956 248 3016 tormenta
268 2963 301 3018 et
320 2954 563 3027 ineluctabilem
577 2961 715 3040 pestem,
733 2975 829 3048 qnam
846 2962 1039 3036 reetet'oces
1056 2950 1196 3038 φθοράν

96 3035 164 3103 Gal.
173 3039 210 3118 '6‚
227 3039 260 3105 8.
277 3039 411 3118 llum2,
425 3041 458 3117 9.
471 3041 493 3110 2
508 3039 575 3105 Tb.
587 3041 616 3115 1,
633 3039 665 3104 8.
682 3039 839 3113 sentient.
885 3035 955 3122 Qui
970 3039 1073 3120 igitur
1088 3039 1194 3103 hemia

93 3120 182 3186 nibus
203 3145 222 3190 a
247 3125 365 3190 christ.
387 3123 565 3216 disciplinsi
579 3124 699 3188 alienis
717 3123 930 3187 mortalitatis
945 3125 1196 3208 per‘Adamnnn

93 3205 383 3278 invectae'vincula
415 3212 523 3284 solvat
547 3210 657 3296 iisque
686 3209 798 3278 nescio
826 3208 906 3301 quid
933 3210 1112 3284 inerementi
1138 3211 1196 3276 dot
1255 3225 1262 3247 *

94 3290 241 3369 Christus
256 3295 298 3365 dr.
313 3297 404 3366 coelo
418 3317 590 3376 reversus,
612 3295 669 3392 qui
684 3315 741 3366 eos
755 3294 968 3380 sempiternis
990 3305 1194 3368 tartarorum
1230 3361 1236 3372 ,
1292 3293 1297 3312 '

93 3380 260 3448 tormentis
278 3374 549 3453 crediturusne?
594 3379 742 3462 Deinde,
765 3379 852 3470 quod
869 3379 947 3442 mihi
963 3380 1194 3463 argumentum
1235 3399 1261 3427 ’ν

93 3461 239 3550 inprimis
260 3487 359 3549 grate
374 3467 523 3546 ridetur,
546 3487 743 3558 quamquam
765 3465 811 3532 N.
826 3463 871 3544 T.
893 3465 1076 3554 scriptores
1091 3489 1193 3553 quum
1293 3509 1301 3518 -

24 3575 26 3614 t
94 3550 210 3623 Adami
226 3562 444 3639 peccatumeo
459 3552 623 3634 valuisse,
643 3563 680 3614 ut
695 3571 805 3623 rerum
821 3560 938 3621 natura
957 3552 1043 3634 iluna
1059 3560 1092 3619 et
1106 3572 1195 3616 mor-

24 3659 26 3670 *
93 3633 165 3698 talis
181 3637 276 3702 lieret
290 3658 329 3701 cx
344 3637 524 3700 immortali
538 3644 571 3701 et
586 3637 724 3726 perenni
740 3636 968 3716 censuissent,
988 3656 1045 3700 res
1061 3658 1193 3724 quoque
1299 3663 1304 3674 ‘

94 3724 124 3784 ct
140 3721 324 3788 animantes
344 3745 427 3810 qrrrrs
448 3721 580 3804 fragilis⁸
602 3743 711 3798 rerum
726 3725 842 3790 natura
861 3720 1049 3817 peperisset
1063 3721 1195 3810 pejores

94 3824 180 3885 esse,
202 3829 300 3900 quam
316 3807 348 3879 si
362 3807 560 3884 immortalis
575 3829 683 3882 ¹rerum
700 3807 900 3871 universitas
911 3827 976 3869 ‘eas
995 3809 1194 3894 progenuis-

94 3897 139 3954 set
154 3913 230 3956 esse
246 3899 400 3980 possent,
421 3893 611 3963 existimare
627 3891 829 3970 debuerunt,
850 3891 1020 3976 sapienter
1031 3899 1141 3966 tarrren
1158 3893 1193 3968 in
1229 3929 1231 3940 .
1282 3965 1287 3980 Ι

24 4003 31 4012 ·
94 3979 236 4059 generali
261 3977 425 4054 sententiai
451 3975 795 4064 acquiereruut'eV.
815 3974 861 4044 T.
881 3975 1044 4066 repetiti,
1079 3979 1194 4054 mundi
1289 4026 1294 4039 .

94 4061 219 4142 molem,
241 4085 324 4149 qrrae
340 4071 478 4162 propter
493 4063 620 4146 Adami
632 4062 797 4146 flagitium,
811 4061 1073 4142 immortalitatis
1082 4061 1194 4162 jactus

92 4161 155 4216 ram
172 4148 300 4228 lecerit,
321 4161 396 4236 post
411 4148 539 4226 Christi
560 4149 600 4212 de
614 4151 706 4222 coelo
723 4147 864 4220 reditum
881 4145 1099 4223 renovandam
1118 4171 1211 4215 esso*

24 4229 26 4274 ³
93 4226 134 4304 ita
157 4241 195 4301 ut
215 4233 250 4300 in
268 4235 381 4313 caduci
406 4233 517 4311 mundi
531 4231 646 4302 ‘locum
667 4233 744 4304 nori
763 4232 849 4308 coeli
868 4231 1044 4308 succedant
1057 4243 1089 4304 et
1102 4244 1196 4311 terra
1221 4269 1223 4272 ·

87 4334 150 4390 ‘non
167 4318 317 4405 peritura
333 4323 390 4403 (cl.
405 4323 541 4416 supra),
562 4341 740 4412 nunquam,
762 4317 1032 4420 quemadmodum
1048 4319 1194 4403 ltabbipi

95 4399 257 4492 interant,
277 4404 318 4477 de
338 4427 385 4482 eo·
399 4415 523 4482 temere
536 4404 766 4506 philosophati
780 4408 877 4488 suni,
897 4413 979 4500 quvi
993 4407 1198 4508 quantisque
1280 4487 1282 4492 ,
