2806 5054
111 431 114 438 ,
187 353 244 440 ce
309 367 313 372 ·
400 301 1084 449 arrsronnnnnocrnnoe

85 514 87 518 ’
196 499 486 598 tem‘Peccetnein
502 531 654 603 corpore
677 513 858 596 aritium,
886 511 1009 602 quaed
1031 512 1180 578 coelura
1214 506 1235 530 ''

196 613 304 685 retur,
314 609 515 752 conplueetue
529 607 603 666 erat
616 535 700 667 aia
707 601 811 671 --20.
838 597 935 686 Quae
943 599 1096 686 quumitc
1105 597 1185 678 sint,
1201 617 1232 662 v.
1254 679 1264 696 .

198 703 233 756 et
246 691 301 754 23.
315 694 383 758 trec
409 707 487 772 egee
501 692 734 767 memorantur,
756 681 775 753 ὁ
789 680 892 766 νόμος
903 686 965 750 τοῦ
978 684 1084 766 θεοῦ,
1106 685 1161 748 lex
1177 679 1296 783 Moero,

198 770 217 842 ὃ
235 771 335 856 νόμος
350 775 411 840 τοῦ
426 766 520 847 νοός,
547 771 603 835 lex
622 791 719 856 quam
735 791 827 836 meno
841 769 1014 835 constituit
1026 763 1060 850 (ὁ
1078 764 1221 856 φυσικὸς
1234 791 1297 834 νο·-

199 882 263 943 ptos·
283 856 403 940 214.)
430 875 580 943 quaeque
596 851 665 920 div.
684 857 770 940 legis
790 868 965 944 praecepta
987 854 1105 919 laudet
1117 861 1152 918 et
1164 871 1300 918 reverc-

200 957 275 1025 tur‚
297 951 331 1008 et
347 935 366 1008 d
386 937 488 1022 νόμος
506 932 757 1026 τῆςἎμορτίας
772 957 866 1028 quem
881 961 899 1004 a
917 940 983 1006 Dei
999 943 1072 1022 lege
1088 937 1301 1022 distinguere

201 1049 319 1095 versos
332 1028 387 1093 23.
400 1024 496 1092 initio
510 1021 623 1111 ἕτερον
637 1025 741 1106 νόμον
757 1024 797 1095 Ρ.
810 1033 923 1104 vocet,
953 1026 1007 1090 ier
1022 1045 1119 1110 qnam
1135 1021 1298 1089 Peccatue

203 1115 320 1180 scribit
335 1132 486 1198 quaeqae
501 1125 539 1175 eo
554 1109 643 1196 quod
655 1109 714 1176 τὸν
733 1106 835 1192 νόμον
850 1111 912 1176 τοῦ
923 1105 1002 1185 νοός
1023 1109 1191 1175 hostiliter
1206 1109 1300 1186 inva-
1323 1143 1327 1149 -

203 1199 255 1265 dit
275 1197 379 1266 simui
393 1194 451 1274 τὸν
475 1190 577 1276 νόμον
598 1195 660 1259 τοῦ
681 1197 769 1260 θεοῦ
794 1203 982 1284 oppugnat,
1011 1215 1052 1258 oe
1075 1197 1105 1260 ei
1122 1195 1219 1259 homo
1241 1191 1301 1278 qui

132 1355 143 1380 ἱ
204 1283 302 1351 rerba
319 1282 399 1346 iacit
414 1279 559 1348 obediat.
601 1278 668 1365 Qui
681 1275 740 1345 οόν
754 1276 857 1362 νόμον
869 1282 929 1345 τοῦ
941 1275 1049 1355 rorice
1068 1281 1115 1366 τῷ
1130 1274 1222 1380 ro'crcp
1238 1273 1312 1340 τοῦ.

203 1372 289 1436 θεοῦ
309 1365 449 1452 ⁸differre
462 1376 633 1449 ¹negmuut
653 1372 711 1429 ant
727 1385 790 1430 nea
812 1366 896 1430 satie
911 1367 1000 1430 clare
1021 1386 1089 1430 rem
1112 1366 1232 1428 animm
1250 1362 1303 1425 io·

205 1459 409 1533 formarunt,
436 1461 494 1516 aut
514 1451 668 1535 ambigue
687 1450 816 1536 loquuti
834 1461 923 1518 eurrt.
963 1450 1099 1515 Scilicet
1112 1448 1195 1514 nihil
1211 1449 1304 1525 inter

206 1540 264 1604 τὸν
280 1533 380 1620 νόμον
395 1538 457 1600 τοῦ
473 1537 558 1603 θεοῦ
571 1545 605 1602 et
618 1533 676 1602 adr
689 1534 790 1616 νόμον
802 1537 862 1602 coci
876 1532 954 1610 reric
967 1535 1155 1621 discrepat,
1186 1539 1303 1620 quate·

120 1685 122 1694 ,
207 1648 271 1690 nire
288 1615 430 1707 aterque
448 1622 648 1687 consentiant
670 1631 704 1684 et
724 1620 868 1686 hominio
886 1629 978 1684 mens
993 1620 1060 1687 dir.
1076 1620 1185 1684 edicta
1204 1617 1316 1682 veho--

207 1720 337 1776 menter
349 1706 469 1794 probat
492 1726 523 1770 v.
535 1707 590 1773 22.
627 1702 694 1772 Sed
708 1704 850 1770 notiones
870 1712 997 1787 tarraco,
1023 1705 1063 1770 do
1080 1726 1145 1792 qno
1161 1725 1226 1768 uno
1249 1703 1317 1766 hio·

207 1798 425 1881 interpretum
435 1791 608 1864 'contentio
622 1798 693 1871 eet,
715 1788 852 1870 dietant,
874 1789 1138 1878 qnandoquidem
1151 1789 1239 1853 cline
1251 1794 1307 1852 eet

211 1875 229 1947 ὃ
252 1876 353 1966 θεός.
382 1875 620 1978 ρείοείῌειίοο
640 1873 745 1958 legis,
772 1874 860 1940 cliuo
887 1869 1003 1952 ὁοοῦς
1023 1875 1083 1940 τοῦ
1106 1869 1305 1956 ἀνθρώπου,

199 1964 410 2054 ,posterioris
424 1962 510 2046 logie
527 1958 694 2042 conditor,
715 1964 753 2025 ut
766 1959 826 2026 illa
841 1961 949 2028 divina
962 1961 1016 2026 ier
1030 1961 1095 2042 eit,
1117 1955 1320 2026 extraordi-

200 2040 307 2116 ‘nario
327 2047 395 2112 Dei
416 2044 781 2112 iustitutodromiaihue
802 2044 900 2126 data,
928 2046 1008 2111 haec
1021 2045 1179 2122 humano,
1207 2063 1322 2130 quem*

213 2135 363 2203 iromince
375 2132 505 2198 ratione
515 2133 567 2197 uei
581 2130 646 2194 sibi
661 2129 729 2218 ipsi
742 2131 901 2218 scribant.
943 2131 993 2196 At
1007 2129 1121 2218 siquis
1135 2131 1193 2195 cdv
1205 2127 1309 2208 νόμον

163 2283 166 2289 ,
213 2219 363 2305 τῆςὶείμ.
378 2216 514 2282 ourrdem
529 2238 624 2297 esec,
645 2236 744 2300 quam
759 2216 926 2304 quianam
943 2213 1056 2299 ἕτερος
1075 2210 1178 2295 νόμος
1195 2214 1323 2277 dictae·

172 2333 175 2338 ·
215 2311 286 2383 est,
314 2301 529 2376 aisrrmarcrit
551 2299 606 2381 (in,
621 2303 682 2372 e.:'
695 2299 791 2366 rideo
815 2309 922 2366 autem
942 2303 1042 2366 aliam
1063 2303 1170 2385 legem
1192 2300 1322 2384 [recem

215 2389 386 2469 Peccator]
408 2387 443 2454 iu
463 2387 619 2452 memorie
641 2385 732 2452 meis.
747 2407 937 2476 oppugnare
957 2387 1063 2471 legem
1082 2383 1311 2451 accrementis

92 2469 105 2488 ¹
215 2484 250 2560 ot
265 2494 314 2536 me
331 2493 449 2560 capere
470 2471 531 2556 lapi
546 2471 702 2538 Peccator
713 2469 861 2556 picturam
875 2472 1102 2554 mancipium),
1124 2470 1155 2534 ie
1169 2470 1311 2543 multam

215 2557 391 2623 erraverit.
434 2555 521 2640 Naro
543 2565 776 2645 praeterquam
796 2554 883 2642 quod
898 2566 969 2623 tum
984 2558 1065 2621 mire
1086 2556 1145 2620 hoc
1158 2560 1256 2643 pacto
1270 2552 1315 2624 P.

216 2641 351 2708 eandem
367 2641 475 2728 legem
496 2649 530 2705 et
543 2652 666 2725 capere
679 2641 808 2709 hostem
828 2649 863 2705 ot
882 2641 946 2706 aidi
957 2663 1030 2706 enm
1046 2661 1164 2727 capere
1177 2648 1315 2705 couten-

218 2727 314 2801 deret
328 2727 490 2810 (noetio.)
511 2733 580 2792 tura
603 2725 796 2792 inconcinne
818 2726 910 2792 iilam
928 2728 1031 2809 legem
1045 2726 1146 2790 oiium
1164 2724 1237 2811 (τὸν
1250 2721 1316 2802 νό-

217 2837 281 2894 μον
294 2813 356 2894 τοῦ
367 2811 458 2890 νοός)
480 2810 625 2885 adoriri,
654 2810 756 2884 elium
776 2818 851 2894 (με,
873 2822 976 2876 totam
993 2812 1173 2893 homiaem)
1193 2831 1317 2897 capere

199 2895 427 2986 ..perhihcrct‚
457 2893 528 2962 ‘ure
554 2896 677 2983 aliquis
700 2891 809 2982 temp
831 2917 891 2990 pro
911 2899 959 2983 τῷ
979 2893 1151 2983 cippario
1166 2891 1236 2976 Ἅμ.
1257 2915 1320 2959 ex·
1345 2935 1352 2944 -

153 2979 163 3010 ⁸
220 2991 387 3070 spectaret
401 2917 602 3065 (riunire),
625 3000 821 3128 (pluamquam
837 2982 938 3048 neeic
953 2981 1129 3068 quidemr.
1146 2977 1319 3062 αἰχμαλω-

220 3066 322 3146 circo
336 3067 486 3134 idoneam
503 3067 570 3130 rim
589 3067 630 3132 ha
655 3073 727 3134 eret
747 3071 807 3132 cut
821 3073 897 3132 ante
918 3067 1100 3132 enuntiatis
1112 3065 1240 3154 aliquid
1255 3063 1323 3128 ad·

222 3149 360 3218 deretur
381 3150 465 3230 (ide
484 3149 643 3233 Weidner),
665 3150 752 3216 unde
766 3151 855 3216 inter
872 3149 930 3216 τὸν
942 3148 1209 3236 ΝόμοντῆςἍμ.
1225 3171 1322 3214 eanr-

223 3261 287 3324 qne
302 3237 359 3322 qui
373 3233 487 3318 ἕτερος
504 3231 606 3316 νόμος
625 3237 815 3324 appellatur
830 3235 979 3303 nonnihil
999 3235 1200 3302 discriminis
1214 3237 1327 3300 inter·

222 3322 339 3386 cedere
354 3328 505 3408 apparet.
551 3319 647 3385 niihil
661 3323 777 3386 horum
792 3343 917 3386 verane.
961 3320 1047 3386 Nam
1061 3323 1169 3410 primo
1185 3321 1323 3408 quidem

93 3475 96 3485 ,
223 3409 443 3494 imperatores
459 3425 542 3491 quos
557 3403 645 3470 hello
660 3407 889 3493 ceperunteibi
900 3416 1068 3494 ceperant,
1093 3419 1129 3472 ut
1144 3410 1207 3494 ipei
1220 3427 1324 3494 prae-

160 3539 164 3547 ,
224 3491 298 3556 dem
314 3489 474 3556 haherent
483 3535 493 3566 ,
522 3511 587 3577 pon
606 3491 684 3558 aliie
704 3491 858 3579 praedam
881 3499 1093 3577 pepererunt.
1137 3492 1192 3558 Sic
1208 3493 1240 3557 h.
1258 3493 1283 3558 1.
1301 3485 1323 3556 ὁ

226 3572 343 3658 Νόμος
356 3567 493 3660 τῆςἎμ.
507 3576 555 3660 τῷ
573 3570 678 3662 Νόμῳ
694 3577 754 3675 τοῦ
771 3573 864 3652 Νοός
878 3577 1001 3666 heiinra
1020 3579 1136 3657 infert,
1159 3585 1195 3641 ut
1211 3577 1325 3641 heari-

224 3683 298 3726 ncm
323 3661 394 3746 ipso
417 3659 594 3746 praedetur
615 3664 663 3746 (r.
679 3663 763 3744 ld).
809 3661 942 3727 Deinde
968 3665 1069 3727 alium
1093 3663 1194 3742 rioci,
1213 3661 1323 3726 alium

131 3759 134 3769 ’
223 3748 299 3834 capi
313 3746 511 3810 nonmirum
532 3753 597 3815 cet.
641 3745 748 3834 Saepo
769 3746 915 3812 imbellis
938 3751 1033 3812 turim
1053 3756 1121 3812 tum
1136 3757 1232 3836 capta
1247 3757 1324 3812 tam

182 3889 185 3895 ,
225 3831 314 3896 omni
329 3853 451 3916 genere
465 3830 739 3898 contumeliarum
756 3847 870 3898 vexata
885 3845 937 3898 eet
952 3834 1046 3898 rictie
1066 3834 1328 3921 propngpatori-

225 3919 300 3996 bus.
342 3914 408 3982 Idi
434 3937 506 3981 sum
523 3917 576 3980 hic
593 3915 695 3982 Panic
710 3915 851 3986 videtur.
894 3917 980 3982 Nam
1003 3919 1133 3998 Mente,
1162 3939 1245 4004 quae
1264 3919 1328 3980 ho-

152 4013 155 4024 ‘
225 4003 346 4068 minem
369 3939 566 4082 eieramus
582 4001 715 4090 injuriis
735 4002 910 4083 defendat,
932 4004 1057 4069 devictei
1070 4004 1227 4067 dominam
1238 3999 1330 4068 Pec-

225 4097 320 4154 catus
340 4088 537 4175 mancipium
554 4088 627 4154 fieri
647 4096 680 4152 et
701 4089 809 4154 facere
823 4087 984 4188 quidquid
1001 4089 1052 4154 iiii
1068 4088 1232 4174 placuerit
1245 4107 1328 4151 oen-

225 4175 277 4239 eei
293 4173 479 4241 uerissime.
523 4171 610 4236 Tum
625 4175 672 4256 τῷ
687 4172 793 4259 Νόμῳ
807 4168 945 4259 τηςἈμ.
960 4175 1028 4259 Ap.
1038 4173 1184 4236 scribere
1196 4171 1332 4254 debuit,

225 4268 262 4322 ut
279 4279 373 4343 quem
389 4251 619 4343 i'reporco‘nov
630 4257 773 4326 dixisset
785 4260 929 4324 lectoren
944 4261 1085 4340 scirent,
1107 4255 1194 4344 qarod
1216 4260 1329 4323 nesci·

224 4355 317 4426 rent,
341 4344 372 4408 ei
386 4337 493 4430 ἑαυτῷ
510 4343 680 4431 posuisset
692 4343 857 4430 (Rueck).
902 4342 1069 4412 Nimirum
1082 4339 1337 4430 vachiriacpor·
