2814 5056
189 397 306 504 ιιιΚ
394 372 1090 498 errsrotaauuosrnuos

121 519 125 526 .
146 561 157 594 ’·
185 561 299 648 [hebr.
309 537 394 650 Ιαξη]
409 562 524 631 Solrol.
540 560 623 633 Eur.
637 561 679 628 ad
696 561 759 631 Or.
772 563 827 632 76.
846 518 1001 650 Marsa).
1043 549 1221 631 Primitiae
1238 587 1301 633 ea·-
1399 549 1400 576 ¹

195 650 266 714 'aaa
291 634 441 734 salpen,
483 672 622 737 quarum
660 649 796 717 luerunt
823 651 1009 738 primitiae,
1043 672 1123 736 pars
1151 653 1301 723 iuuerunt.

188 669 355 820 guoeiroa
382 731 534 818 ἀπαρχαί
563 735 708 824 metaph.
729 755 838 801 rerum
858 737 1035 819 specimina
1056 744 1091 801 et
1108 757 1215 820 patrea
1239 759 1302 803 err·

187 815 892 974 arraarrarummass
1075 822 1128 924 ¹³¹·
1144 825 1190 971 t·
1203 823 1301 971 τ’·

186 1009 246 1056 ros
259 953 364 1055 iuliis
378 954 477 1056 rdbus
491 944 721 1081 demoniorum
738 991 832 1056 sinus
842 1012 851 1058 ε
863 927 935 1055 dseed
956 929 1121 1077 distairidid:
1133 929 1302 1082 ipudsastiddi

186 1081 221 1142 et
249 1076 343 1225 pransi
363 1075 541 1142 libamenta
564 1077 784 1161 ingenuarum
808 1075 929 1142 artium
953 1076 1117 1144 dedimus.
1172 1077 1239 1143 Sed
1264 1085 1302 1144 ut

186 1177 246 1228 ver
270 1155 363 1264 arip
376 1155 530 1248 ἀπαρχὴν
544 1164 607 1228 τοῦ
621 1178 679 1247 τιν.
694 1182 755 1250 per
769 1181 806 1226 se
817 1167 965 1250 spectata
981 1162 1132 1246 ambigua
1149 1162 1229 1245 sint,
1247 1171 1300 1228 ta·
1400 1237 1401 1242 ἵ

65 1267 67 1272 ’
187 1261 263 1315 men
277 1252 361 1311 satas
376 1253 465 1312 eerta
481 1267 594 1312 eorum
610 1246 843 1334 interpretatio
861 1255 931 1329 est,
956 1248 1100 1314 modoet
1115 1247 1214 1314 Pauli
1230 1250 1300 1314 ior·

187 1332 277 1398 mula
291 1331 355 1396 tibi
368 1333 541 1422 explorata
555 1325 650 1398 uitet*
663 1331 764 1436 hujus
782 1333 808 1402 l.
829 1335 916 1398 ratio
939 1329 1126 1423 perspecta.
1169 1330 1301 1422 Nempe
1400 1353 1401 1358 ’

186 1410 359 1504 ἡᾶπαρχή
381 1417 469 1530 ‹puod
491 1425 557 1483 tem
584 1438 642 1483 ore
666 1425 809 1507 primm
828 1427 881 1484 est
899 1417 1035 1484 denotat
1054 1427 1088 1483 et
1108 1415 1171 1490 τοῦ
1185 1419 1300 1484 Hasd·
1321 1451 1325 1462 ·

186 1524 294 1606 ματος
306 1511 359 1568 est
376 1503 554 1578 (aenitivus
598 1498 733 1605 ulrjeoti.
777 1501 992 1590 Dieitigitur
1008 1501 1047 1570 P.
1063 1501 1123 1606 τὴν
1144 1498 1301 1592 ἅπαρχῆν

78 1732 79 1738 ι
185 1609 321 1742 ttt·
334 1609 538 1740 tttttt
552 1587 1299 1770 tttttnttttttlttt'ttstt

18 1765 51 1816 '.
187 1756 392 1825 Christianis
407 1759 442 1825 in
457 1759 518 1824 hair
539 1759 607 1825 vita
631 1757 808 1842 obtingunt
831 1762 849 1823 1
871 1759 948 1826 Cor.
972 1759 1065 1842 12,4.
1087 1779 1139 1846 sq.
1165 1760 1251 1841 Gal,
1264 1759 1299 1846 3,

97 1875 101 1885 f
186 1843 222 1913 2.
237 1865 289 1930 sq.
302 1844 397 1926 532.
411 1845 579 1933 taciteque
594 1843 638 1909 iis
652 1843 822 1908 benefieiis
837 1855 1068 1933 opponuntur,
1097 1865 1181 1944 quae
1202 1853 1298 1932 post-

187 1929 249 1995 lrao
265 1928 332 1999 div.
348 1931 491 2018 spiritus
512 1931 545 1994 in
566 1927 717 1995 homines
740 1928 815 2014 pios
834 1925 870 1994 ἐν
889 1929 937 2015 τῷ
958 1925 1056 1995 αἰῶνι
1076 1951 1123 2016 τῳ
1140 1927 1300 2010 μέλλοντι
1364 1986 1367 1993 ,

185 2015 359 2123 eoulerpt,
379 2015 412 2114 n,
428 2038 460 2120 e,
471 2014 627 2121 lelioitati
640 2015 883 2102 sempiternae,
903 2021 945 2102 τῇ
960 2009 1125 2116 σωτνιρίᾳ,
1148 2017 1190 2103 τῇ
1207 2017 1295 2103 κλη-

185 2093 1299 2273 tttttattttttttnltttttttltf¹¹ttt¹tiitt:

94 2311 99 2316 -
185 2271 275 2336 oiroo
291 2269 388 2336 nobis
402 2271 543 2373 spiritus
559 2293 588 2338 s.
605 2269 704 2335 datus
726 2270 790 2352 sit,
814 2277 851 2334 ut
874 2278 1029 2336 aeternae
1049 2271 1222 2338 lelioitatis
1242 2290 1299 2336 ar-

62 2475 84 2524 .
184 2363 375 2544 aaran?
392 2354 1302 2544 trau,terramala-„ataegatus

48 2639 50 2650 ,
185 2525 1308 2702 tltltttttaltltl'ftt:tlttttt'ttttt{tltatt:

185 2706 313 2780 matur,
342 2697 438 2786 eujus
457 2697 554 2763 uobis
577 2718 719 2786 sponsor
738 2697 941 2763 constitutus
961 2704 1014 2762 est
1037 2720 1202 2786 quamque
1230 2699 1299 2766 nisi
1401 2759 1403 2768 ,

184 2785 273 2851 lorte
286 2783 353 2870 ipsi
369 2782 525 2872 iujuriam
541 2784 651 2850 lacere
690 2803 764 2847 uam
780 2782 920 2871 obsequi
933 2785 1147 2850 maluerimus
1161 2784 1248 2874 liph.
1264 2785 1301 2870 4,

95 2895 98 2901 ·
184 2869 241 2940 30.
257 2870 372 2956 utique
386 2889 639 2956 consequemur.
681 2935 683 2948 ἁ
720 2889 772 2932 um
790 2865 892 2936 ι’.τ’ν
906 2864 1060 2957 ἀπαρχὴν
1076 2891 1105 2934 τ.
1121 2893 1177 2939 τιν.
1200 2865 1300 2950 ἔχον-

184 2975 241 3032 τες
255 2976 324 3021 rem
339 2954 530 3036 continent,
561 2975 647 3057 qrrae
661 2953 813 3021 homines
834 2892 951 3020 odrist.
974 2975 993 3018 a
1015 2955 1140 3037 gemitu
1158 2975 1301 3022 avocare
1402 3015 1403 3022 ,

183 3039 349 3109 videatur.
393 3037 515 3105 Fortes
528 3061 615 3104 emm
631 3038 743 3104 reddit
754 3037 823 3116 div.
844 3039 985 3126 spiritus
1005 3038 1156 3105 homines
1176 3039 1299 3111 christ.

101 3179 103 3188 ,
183 3124 333 3212 (Ι,265.)
354 3147 498 3212 eosque,
535 3125 658 3212 quibus
679 3124 803 3212 aliquis
826 3125 959 3188 laturae
981 3123 1152 3191 beatitatis
1176 3134 1299 3210 gustus

184 3210 286 3277 datus
311 3212 416 3276 inerit
436 3209 543 3278 Hebr.
564 3208 639 3294 6,4.
662 3231 735 3296 sq„
771 3209 960 3298 praesentia
983 3213 1069 3276 mala
1090 3210 1299 3279 moderatius

183 3298 274 3364 ferre
287 3297 412 3383 aliquis
421 3293 563 3385 judioot.
604 3296 657 3361 At
673 3316 739 3360 nou
758 3298 866 3360 solum
889 3314 999 3360 rerum
1021 3304 1158 3377 natura,
1181 3319 1299 3365 verum
1344 3355 1346 3358 .

184 3383 286 3450 etiam
299 3403 360 3448 nos
374 3383 385 3448 i
411 3383 440 3447 si
454 3380 621 3465 (homines
635 3380 789 3463 christ),
811 3401 1004 3469 quamquam
1015 3383 1126 3467 prima
1140 3381 1205 3449 div.
1229 3384 1299 3466 spi-

183 3468 269 3536 rituo
283 3468 367 3533 dono
380 3403 536 3532 debemus
547 3469 649 3562 (quae
666 3464 755 3531 haud
772 3465 873 3531 dubie
893 3474 1100 3551 praesentem
1124 3468 1299 3533 salamita-

184 3562 252 3619 tom
266 3550 364 3618 valde
377 3551 609 3638 oonsplantur)
622 3551 689 3641 ipsi
703 3552 791 3617 inter
812 3572 873 3617 uos
893 3552 1074 3636 gemimus,
1104 3553 1180 3640 quia
1206 3555 1299 3639 (ser-

184 3638 304 3704 vitutis
318 3637 352 3703 n.
368 3659 399 3704 e.
416 3637 631 3703 mortalitatis
646 3637 793 3727 pertaesi
805 3659 836 3704 v.
851 3638 922 3722 21.)
942 3636 1152 3725 adoptionem
1176 3639 1210 3703 in
1227 3637 1298 3705 Dei

184 3723 311 3790 liberos
332 3723 382 3808 (h.
403 3745 434 3791 e.
454 3722 664 3805 libertatem,
684 3745 791 3874 paam
812 3743 933 3810 eorpus
952 3723 1138 3804 immortale
1159 3722 1298 3809 afferet)

186 3815 378 3876 serenator
398 3815 641 3898 exspectamus.
719 3814 797 3873 anta
817 3817 870 3873 est
890 3808 1070 3891 malorum,
1102 3831 1185 3896 quae
1207 3811 1296 3876 male
1363 3881 1365 3886 ,

185 3895 362 3961 materiata
385 3894 504 3959 domus
524 3902 638 3959 nostra
658 3896 795 3981 (eorpus
815 3895 971 3981 mortale)
991 3905 1165 3985 apportat,
1188 3897 1296 3962 moles

184 3980 301 4050 2Cor.
314 3981 388 4062 ⁵‚4.
401 3988 560 4066 tantaque
575 3981 642 4045 erit
652 3978 830 4045 immortali
845 3999 984 4068 corpore
996 3981 1191 4046 amietorum
1215 3982 1296 4047 hea-

180 4067 289 4134 'titasl
311 4063 394 4132 Noli
406 4064 466 4152 τὴν
480 4061 552 4130 dua
573 4062 633 4150 χὴν
646 4087 677 4134 τ.
695 4087 750 4130 τιν.
773 4065 967 4147 specimina,
994 4065 1172 4132 libamenta
1193 4066 1295 4149 spiri-

184 4158 300 4232 tuum,
322 4152 453 4216 tantula
469 4087 646 4232 herodeis,
668 4171 752 4238 quae
764 4149 827 4214 tibi
844 4148 910 4215 div.
926 4150 1069 4237 spiritus
1089 4151 1295 4239 primoribus

173 4237 292 4325 ¹labris
309 4233 471 4322 gustanda
486 4233 617 4300 dederit
630 4241 677 4321 (r.
692 4237 810 4324 supra)
825 4255 1002 4339 exponere.
1046 4234 1146 4304 Oea:
1168 4231 1208 4300 οὗ
1223 4229 1295 4315 μό-

184 4333 268 4399 νον,’
282 4319 403 4408 φησίν,
431 4313 452 4408 ἦ
475 4316 583 4397 κτίσις
604 4318 753 4400 στενάζει
761 4367 771 4398 ,
800 4314 888 4385 ἄλλα
910 4322 966 4386 καὶ
986 4319 1086 4406 ἀὐτοὶ
1108 4315 1141 4385 oi
1161 4315 1295 4403 ἀρχήν

184 4425 279 4478 τινα
297 4402 450 4494 μικρὰν
473 4405 543 4474 καὶ
556 4403 707 4510 popiola
726 4404 788 4474 τοῦ
802 4403 991 4489 πνεύματος
1005 4401 1163 4490 λαβόντες
1182 4397 1295 4472 oneri-
