2820 5044
177 340 249 412 m
351 329 354 339 λ
387 327 678 408 ΕΡΙὸΤΟΙιΑ
700 336 779 410 Au
803 333 1076 410 ROMANOS

176 501 332 569 ¹portauilios
343 500 490 557 messianae
501 499 639 556 felicitatis
650 499 792 574 participes
803 497 902 556 faciam
924 499 964 566 (ι.
978 498 1021 552 16.
1037 500 1108 570 ta),
1125 518 1210 572 quum
1223 499 1283 554 Ιώ·

179 579 320 626 dacorum
329 567 445 624 felicitas
458 574 559 623 vobis
571 569 747 623 saluberrima
758 568 850 622 lutura
864 569 898 619 sit
908 569 942 636 (v.
957 569 1022 635 15.).
1046 570 1217 622 Mementote
1228 591 1277 626 au-

180 652 254 708 tem,
271 660 305 694 ne
313 641 497 706 patriarchas
511 637 573 692 Deo
586 635 739 692 carissimos
760 637 843 690 luisse
859 653 959 688 eorum
975 648 1110 702 posteros
1128 639 1219 691 divino
1236 640 1278 692 ia-

180 730 246 764 vore
264 708 393 764 excidisse
414 710 479 761 mibi
498 707 646 776 objiciatis,
674 706 697 759 si
715 707 849 777 primitiae
870 708 932 760 Deo
951 725 1043 766 sacrae
1060 707 1130 776 sint,
1162 725 1277 762 nsaasm

179 798 288 863 quoque
301 796 372 850 esse,
391 777 453 848 quia
466 777 600 846 primitiae
614 793 730 830 massam
745 793 858 830 consecr
876 785 924 842 ιιι)
945 786 971 830 et
985 777 1011 836 ¹si
1031 779 1111 848 stirps
1123 777 1184 830 Deo
1202 795 1277 830 saera

177 859 229 916 avt,
244 866 335 902 samos
348 846 447 917 pariter
459 865 516 898 esse
530 848 566 913 (v.
582 845 622 899 16.
635 845 662 897 b.
676 866 698 899 e.
714 845 736 898 si
757 795 937 914 patriardrae,
958 846 1005 916 qui
1025 847 1182 918 progeniem
1201 863 1278 899 suam

19 951 23 964 ι
72 974 75 982 ,
177 917 240 972 Deo
252 915 431 979 sacraverint,
449 914 508 968 Deo
521 912 590 968 sacri
604 923 630 967 et
642 915 745 984 accepti
757 913 826 979 sint,
846 911 911 966 item
926 913 1135 985 patriarcharum
1156 927 1277 985 posteros

178 988 241 1040 Deo
253 1003 344 1040 sacros
357 993 384 1038 et
396 994 485 1056 gratos
503 985 582 1046 esse).
625 982 749 1036 Fortasse
768 981 835 1034 baec
854 980 918 1034 mibi
939 982 1072 1051 objicitis:
1097 986 1184 1036 excisi
1199 983 1278 1034 rrrrrss'

177 1066 244 1112 sunt
252 1093 261 1122 ,
280 1071 332 1106 rros
344 1054 425 1121 str'rpi
436 1055 514 1105 insiti
524 1069 620 1105 sumus
637 1051 783 1120 (abdicavit
796 1049 869 1104 Deus
880 1050 1015 1119 Judaeos,
1038 1071 1090 1105 nos
1110 1053 1276 1105 bruerolen·
1290 1087 1295 1096 ·

176 1127 218 1182 tie
232 1122 390 1192 complexus
402 1125 462 1191 est).
497 1122 667 1175 Mementote
679 1121 687 1174 i
709 1123 780 1180 itur,
797 1119 886 1188 primo
899 1137 958 1172 non
972 1139 1172 1174 omnesramos
1184 1119 1276 1174 deira·

177 1205 237 1254 ctos
252 1212 309 1246 esse
320 1190 351 1258 (i.
363 1209 386 1247 e.
398 1211 455 1256 ιιοιιΙ
471 1209 564 1244 omnes
582 1141 795 1261 patriarcbaruru
816 1201 938 1258 posteros
962 1191 1046 1244 divini
1065 1189 1168 1247 favoris
1187 1189 1276 1259 jactu·

176 1283 235 1320 ram
246 1258 369 1328 iecisse),
388 1259 490 1314 ,deinde
504 1258 581 1329 stirpi
593 1259 688 1312 insitos
701 1276 818 1312 ramosa
839 1257 930 1312 radice
948 1258 1092 1326 sustineri,
1115 1278 1171 1312 non
1195 1257 1276 1311 vicis-

175 1334 228 1387 sim
246 1329 365 1386 radicem
386 1323 419 1381 ab
434 1328 521 1381 insitis
539 1328 619 1380 ramis
639 1329 676 1395 (b.
695 1346 719 1380 e.
742 1327 824 1380 divini
843 1326 941 1379 favoris
960 1327 1135 1398 adeptionem
1154 1326 1277 1380 ethnicos

210 1396 347 1461 triarchis,
364 1417 419 1451 non
433 1397 595 1468 patriarchas
608 1395 721 1450 ethnicis
737 1405 874 1466 acceptam
896 1395 1008 1450 reterre.
1053 1397 1178 1451 Absurde
1195 1395 1277 1466 igitur

174 1421 299 1525 bdmines
309 1467 487 1536 sperneretis,
506 1484 625 1536 quorum
640 1463 788 1535 majoribus
798 1483 935 1518 summum
954 1477 1144 1520 ornamentum
1162 1465 1277 1532 debetis,

172 1535 333 1599 ι.17.18.).
367 1534 521 1590 etidcirco
534 1534 623 1608 quiin
640 1529 1097 1601 olivisueruntramiexcisisunt‚
1116 1543 1210 1586 ntuos
1228 1552 1274 1585 ar·
1380 1545 1383 1552 ’

173 1608 236 1664 boui
250 1602 438 1659 insereremini
454 1605 492 1669 (b.
505 1623 530 1659 e.
545 1623 578 1657 eo
590 1602 706 1659 consilio
718 1605 794 1658 Deus
806 1603 923 1656 iudaeos
941 1603 1093 1674 abdicauit,
1116 1613 1147 1655 ut
1166 1621 1214 1655 vos
1232 1603 1275 1656 ia-

64 1713 70 1716 -
175 1696 242 1734 vore
254 1674 463 1744 amplecteretur
477 1694 504 1726 v.
522 1673 586 1740 19.).
621 1672 719 1735 Recte3
735 1671 782 1726 sed
794 1669 827 1724 ad
842 1689 934 1724 causas
946 1672 1085 1726 attendite.
1120 1672 1279 1725 Eseisiiu-

173 1747 233 1801 da'ei
246 1751 437 1808 suntpropter
450 1743 525 1824 fidei
540 1742 680 1809 mopiam,
706 1760 754 1795 vos
773 1749 868 1794 contra
885 1750 999 1807 propter
1008 1743 1099 1810 fidem
1116 1741 1181 1794 salvi
1203 1743 1276 1794 estis.

172 1814 265 1870 Nolite
274 1812 431 1881 superbire,
449 1829 477 1864 ιιι
490 1819 565 1865 metu
577 1810 667 1884 potius
681 1810 781 1870 vivite,
799 1827 834 1861 ne
848 1809 910 1863 fidei
923 1809 1057 1878 jacturam
1072 1811 1175 1864 faciatis
1189 1819 1217 1862 et
1230 1810 1274 1864 di-

172 1885 238 1938 vino
249 1881 341 1935 lavore
355 1879 498 1952 privemini
512 1883 633 1948 (vaist).
669 1879 737 1934 Nam
758 1877 781 1932 si
795 1876 871 1932 Deus
888 1878 971 1932 ramis
990 1877 1019 1932 in
1043 1875 1112 1932 olivi
1129 1880 1199 1934 natis
1217 1899 1275 1932 non

173 1951 308 2024 pepercit,
326 1967 439 2010 vereor.
463 1969 498 2002 ue
519 1950 596 2004 vobis
614 1968 723 2020 quoque
740 1947 859 2016 (oleastri
878 1947 963 2001 ramis
981 1948 1009 2002 in
1028 1950 1114 2002 oleam
1133 1947 1274 2016 immissis)

35 2029 39 2039 “
101 2029 105 2034 ’
170 2040 229 2077 non
244 2027 336 2092 parcat
349 2018 466 2086 (u.2l.).
500 2018 598 2071 Videte
613 2018 694 2088 igitur
712 2015 904 2085 benignitatem
924 2023 950 2069 et
971 2018 1143 2074 severitatem
1159 2020 1224 2080 Dei,
1243 2019 1273 2070 in

172 2091 292 2146 iudaeos
330 2089 357 2138 ui
373 2097 518 2155 peccarunt
539 2088 727 2153 severitatem,
756 2084 787 2138 iu
807 2103 856 2138 vos
875 2087 1040 2160 bonitatem,
1061 2087 1084 2140 si
1104 2087 1131 2138 in
1152 2087 1274 2140 bonitate

170 2163 217 2228 (eo
233 2158 308 2228 quod
341 2156 402 2209 dem
414 2155 593 2221 retinueritis)
614 2152 867 2226 perseveraveritiss
888 2155 1009 2225 alioquin
1031 2175 1077 2208 vos
1095 2173 1205 2225 quoque
1225 2176 1274 2208 ex·

170 2225 330 2285 secabimini
346 2228 385 2290 (v.
400 2224 464 2294 29.)
498 2225 585 2278 Ειίιιιι
602 2225 699 2280 iudaei
715 2243 800 2292 uero,
823 2223 846 2278 si
867 2225 1067 2279 contumaciam
1088 2225 1271 2294 deposuerint,

170 2299 260 2353 olivae
273 2297 437 2348 inserentur.
470 2293 514 2348 Ad
526 2294 552 2346 id
566 2294 639 2348 enim
653 2305 750 2364 potens
764 2302 805 2346 est
817 2289 910 2358 Deus,
928 2303 956 2346 ut
968 2312 1014 2346 eos
1028 2294 1055 2348 in
1071 2293 1172 2348 olivam
1189 2296 1274 2346 resti-

80 2391 83 2402 ·
168 2377 228 2421 tuat
239 2367 279 2432 (v.
292 2363 355 2430 26.)
391 2361 501 2432 Quippe
513 2361 621 2416 facilius
634 2362 769 2419 defractus
782 2370 879 2414 termes
893 2381 957 2415 suae
968 2361 1060 2416 arbori
1078 2363 1209 2416 inseritur
1221 2364 1273 2418 ad·

169 2436 278 2507 juvante
300 2428 412 2493 natrtrd,
434 2449 515 2501 quam
536 2442 811 2506 repugnantevramus
827 2448 858 2482 ex
879 2430 998 2486 oleastro
1020 2432 1121 2487 excisus
1143 2434 1172 2485 in
1190 2432 1271 2487 aliam

108 2531 110 2536 ’
169 2504 296 2558 arborem
318 2501 358 2566 (in
375 2500 496 2554 nobilem
517 2499 629 2568 olivam)
648 2499 807 2554 transfertur
824 2507 864 2568 (ν.
877 2499 945 2562 94.)
985 2499 1053 2556 Nam
1072 2519 1181 2571 nequo
1200 2510 1272 2556 statu

168 2592 212 2627 res
223 2565 416 2642 sitiqnoretis,
433 2568 543 2638 aliquod
561 2571 721 2640 mysterium
741 2567 819 2622 vobis
838 2569 968 2638 aperiam.
1002 2571 1109 2628 Scilicet
1120 2572 1203 2624 Deus
1213 2570 1271 2624 du·

167 2647 308 2696 durorum
328 2639 521 2696 contumacius
530 2639 623 2706 finem
643 2647 706 2692 tum
724 2641 864 2705 importet,
887 2655 974 2705 quum
990 2643 1136 2706 pensurum
1154 2650 1271 2694 caterua

70 2763 74 2770 ,
165 2711 276 2764 correo·
283 2726 369 2764 sacra
383 2710 520 2772 amplexa
525 2707 618 2775 suerit
629 2718 714 2775 atque
727 2709 769 2759 ito
784 2717 861 2760 totus
873 2705 1073 2760 Israelitorum
1085 2711 1207 2775 populus
1219 2727 1270 2762 sa-

115 2777 117 2788 *
168 2783 259 2834 tutem
271 2780 327 2832 sibi
336 2795 389 2842 per
402 2778 495 2846 fidem
511 2779 685 2842 rmnparatu
705 2778 741 2842 (v.
761 2776 803 2831 25.
820 2786 848 2830 et
863 2775 929 2839 26).
971 2776 1044 2830 Haec
1059 2789 1191 2840 eventura
1211 2798 1269 2833 esse

165 2847 269 2914 desajas
282 2847 373 2907 ΜΟ.
386 2857 413 2899 et
425 2845 499 2917 27,9.
514 2846 623 2915 oblique
637 2843 807 2899 denuntiavit
825 2847 859 2912 (v.
872 2845 915 2900 26.
927 2854 955 2899 et
967 2845 1041 2914 27..)
1069 2847 1163 2916 Neque
1177 2846 1267 2900 inere·

167 2916 259 2972 dibilis
282 2917 366 2973 totius
410 2914 485 2985 opuli
509 2913 609 2983 judaici
635 2914 668 2967 ad
689 2913 786 2968 Christi
803 2931 878 2968 sacra
896 2915 1015 2968 accessio
1036 2915 1115 2970 vobis
1135 2915 1269 2970 videbitur

129 2976 133 2990 ’
165 2985 234 3040 baec
252 2933 447 3058 reputantibus.
494 2983 562 3046 Odit
582 2984 657 3036 Dens
677 2981 883 3046 nunc‘Judaeos
901 3001 1001 3054 eosque
1019 3002 1033 3037 a
1054 2983 1153 3038 Christi
1183 2985 1270 3040 disci-

166 3055 244 3128 plina
258 3065 350 3120 arcet,
374 3052 504 3124 quoniam
524 3062 635 3106 vestroe
645 3050 730 3106 astuti
743 3051 884 3122 providere
899 3051 981 3108 voluit
998 3056 1033 3114 tv.
1047 3057 1118 3120 tt.);
1135 3063 1160 3106 at
1174 3055 1269 3121 diligit

163 3141 216 3182 eos
230 3122 549 3189 utpasrtoretrorum'at
562 3139 594 3173 ss
606 3125 775 3176 detectorum
791 3130 919 3185 posteros
940 3125 976 3190 (v.
989 3121 1059 3190 28.).
1093 3123 1161 3177 Nam
1176 3123 1268 3177 Deum

167 3211 225 3246 non
242 3191 363 3264 poenitet
380 3209 464 3263 quum
488 3191 640 3248 donorum,
664 3206 732 3260 quae
752 3189 833 3242 alicui
854 3189 1040 3263 destinaverit,
1062 3199 1120 3245 tum
1140 3191 1173 3247 ad
1192 3191 1268 3246 salu·
1296 3253 1299 3258 Ι

134 3291 136 3301 1
165 3271 222 3316 tem
242 3262 400 3319 messionem
420 3257 601 3324 invitationis,
631 3261 712 3328 qu'am
733 3256 814 3339 alicui
833 3255 1039 3342 deqreverit'(v.
1059 3261 1127 3326 290.
1174 3260 1268 3314 Nimi-

164 3327 1179 3480 {ttatl‘ttfftttffttbittit:t'ttt'tttttizittlztibittit
1194 3349 1288 3453 iiii.

165 3465 267 3522 dientii
281 3463 435 3520 medebitur
448 3467 487 3532 (v.
501 3467 546 3520 80.
559 3474 586 3518 et
596 3465 662 3530 81.)
696 3464 766 3518 Nam
785 3466 914 3536 utrosque
926 3464 1001 3521 Deus
1015 3487 1044 3521 ιιι
1063 3469 1267 3522 contumaciam

165 3535 301 3604 conjecit,
330 3543 361 3587 ut
381 3553 443 3604 erga
463 3544 591 3606 utrosque
612 3533 827 3590 benevolentiam
850 3533 987 3588 conferret
1008 3538 1053 3606 (s.
1068 3535 1138 3604 st).
1183 3536 1266 3591 Nunc

83 3636 87 3648 ι
130 3631 135 3634 -
163 3603 378 3676 quotusquisque
392 3613 445 3658 ιῆιιι
465 3601 570 3657 terreus
590 3614 645 3671 est,
668 3613 800 3683 utquam
821 3600 934 3672 copiosa
953 3601 1016 3686 Dei·
1028 3603 1166 3688 opulentia
1185 3605 1218 3658 sit
1239 3615 1267 3659 et

159 3689 244 3744 quam
257 3671 345 3727 abdita
358 3671 415 3740 ejus
427 3690 454 3727 sa
474 3671 555 3728 ientia
573 3681 599 3724 et
619 3671 746 3730 scientis,
770 3671 828 3724 sine
846 3689 952 3726 summa
973 3692 1057 3730 ansmt
1075 3675 1266 3731 commotione

162 3741 281 3796 sentiat?
298 3743 334 3809 (v.
347 3741 391 3797 62.
404 3773 440 3788 -·
451 3691 517 3812 ib).
551 3741 600 3796 Pie
613 3739 689 3796 Deus
701 3740 869 3803 celebretur!
890 3743 926 3809 (v.
939 3741 1007 3813 66).
1068 3801 1074 3806 ,

6 4085 7 4096 ,
264 4010 309 4086 V.
329 4011 362 4085 t.
412 4006 526 4109 Λέγω
542 4000 631 4094 οὖν,
657 4004 709 4102 μὴ
725 4003 901 4083 ἀπώσατο
924 4006 945 4084 ὃ
970 4007 1057 4094 θεὸς
1080 4006 1150 4085 τὸν
1170 4008 1265 4086 λαὸν

82 4173 85 4182 .
163 4108 300 4202 αὑτοῦ)
333 4107 385 4208 μὴ
405 4111 567 4211 γένοιτο·
592 4107 655 4183 καὶ
672 4107 747 4210 γὰρ
763 4108 835 4212 ἐγώ
853 4109 1076 4210 Ἰσραηλίτης
1091 4109 1186 4209 εἰμί,
1223 4115 1265 4188 ἐκ

162 4207 568 4310 σπέρματοςἈβραάμ,
604 4205 724 4308 φυλῆς
744 4212 940 4311 Βενιαμίν.
991 4218 1027 4288 2.
1057 4214 1137 4290 Οὐκ
1159 4210 1264 4292 ἀπών

147 4339 254 4390 ‘occo
268 4314 288 4390 ὃ
304 4313 393 4400 θεὸς
406 4313 578 4420 virtutis
596 4309 734 4411 αὑτοῦ,
760 4314 806 4391 ὃν
822 4313 1003 4417 προέγνω.
1045 4313 1095 4391 Ἦ
1117 4316 1188 4392 οὐκ
1199 4319 1264 4391 'oi'-
