2842 5060
301 355 306 365 ’
397 343 830 444 cenvrnvae..
936 346 942 360 '
1136 371 1179 471 aa

72 523 203 614 (uez'a,
230 527 355 614 Bene,
386 529 532 615 Reice),
549 595 552 602 ,
567 531 654 620 qnod
676 533 814 602 arridere
838 527 877 604 Ρ.
901 527 1076 612 debuerat,
1103 523 1174 598 ei'a

68 613 255 680 lectoribus
277 613 418 698 cogitari
442 617 601 686 uoluerat.
644 619 780 686 Lacum.
804 617 1027 722 interpunxit:
1058 615 1174 699 Χωρὶς

68 698 133 786 γὰρ
157 695 265 779 νόμου
279 691 426 784 ἁμαρτία
440 697 555 786 νεκρά,
588 700 651 790 ἐγὼ
668 703 705 770 δὲ
722 699 804 784 ἔζων
824 725 925 790 propte
945 696 1050 784 νόμον
1070 698 1172 764 ποτέ·
1237 749 1243 758 .

70 783 175 870 Quem
201 793 236 849 et
259 783 355 871 prius
377 787 555 870 membrum
576 789 661 854 maie
680 785 878 874 explicuisse
902 783 994 874 patet
1015 789 1114 874 qurum
1135 774 1174 870 ἦν

69 877 144 957 post
157 867 258 954 νεκρά
272 871 456 960 suppleret,
477 869 511 936 e't
522 873 694 942 verberum
710 871 772 956 ἐγώ
787 873 823 938 δὲ·
840 869 922 952 ἔζων
935 879 1001 944 etc.
1011 869 1171 936 rationem

68 975 185 1039 parum
200 956 389 1042 percepisse
406 957 437 1020 in
456 966 583 1042 promtu
597 967 661 1024 est.
705 950 819 1038 Νόμου
831 963 938 1030 cautem
951 957 1187 1043 interpretare

68 1042 172 1123 iepem
196 1060 292 1119 men,
331 1061 395 1103 non
417 1041 521 1121 legem
544 1064 780 1130 quarumcunque.
831 1041 916 1106 Nam
940 1049 1170 1138 praeterquam

68 1124 161 1210 quod
182 1123 215 1188 in
236 1123 394 1210 proximis
418 1147 506 1192 racc.
528 1149 560 1193 v.
576 1129 626 1207 9.,
651 1127 770 1214 quibus
794 1135 982 1191 nostrorum·
997 1125 1168 1191 verborum

68 1210 158 1274 ratio
176 1206 332 1291 hahetur,
355 1209 453 1290 νόμος
472 1211 577 1296 legem
594 1233 671 1278 anca.
689 1211 853 1293 declarat,
875 1213 982 1294 legem
994 1231 1072 1278 moa.
1085 1205 1168 1275 Pac·
1263 1258 1265 1262 .

68 1301 142 1358 cato
158 1295 256 1360 vitam
278 1305 316 1357 ac
337 1293 438 1359 robur
459 1297 690 1386 suppeditarim
712 1305 866 1362 constans
889 1293 986 1361 Pauli
1006 1293 1177 1383 sementia¹

68 1384 121 1444 eet
150 1377 420 1468 1011111156.
445 1380 520 1452 Gal.
542 1383 649 1471 3‚,19.
671 1380 766 1447 Rom.
783 1382 815 1461 5,
836 1383 890 1448 20.
914 1379 1011 1470 idque
1034 1381 1066 1447 1.
1088 1379 1113 1446 Ι.
1135 1377 1169 1444 ei
1212 1439 1215 1450 .

69 1459 306 1541 ostendendum
322 1470 406 1532 erat.
449 1464 492 1530 Et
506 1467 659 1556 quoniam
677 1470 746 1554 Ap.
767 1467 893 1532 nullum
909 1473 1038 1554 tempus
1052 1463 1168 1546 fuisse,

69 1570 132 1634 quo
147 1549 300 1613 homiues
313 1549 404 1614 nnlld
420 1549 493 1634 iege
510 1561 712 1632 tenerentur,
729 1552 847 1622 statuit
859 1551 891 1626 2,
901 1551 954 1620 14.
971 1600 979 1632 ,
992 1547 1104 1640 jejuna
1113 1570 1167 1614 sa-

68 1653 107 1698 ne
123 1639 215 1698 esset
231 1633 310 1700 haec
323 1635 527 1712 observatio:
550 1637 728 1702 nanrnuuo
741 1639 814 1720 lege
828 1637 897 1723 latei
913 1633 1084 1702 Peccatum
1099 1633 1168 1700 rito

16 1746 17 1790 3
68 1717 275 1785 destituitur.
317 1714 390 1784 Imc
409 1719 470 1784 hoc
492 1719 589 1789 dicit:
611 1745 685 1788 nem
707 1723 752 1786 ita
768 1743 822 1787 res
837 1743 906 1790 com
933 1727 1022 1786 arata
1039 1729 1108 1800 cat,
1129 1725 1167 1784 ut

16 1813 17 1884 t
70 1804 139 1869 sine
154 1801 265 1870 Musis
287 1804 362 1888 iege
378 1801 515 1870 Peccatn
531 1807 598 1872 vita
619 1817 653 1874 et
668 1807 717 1871 ris
734 1816 769 1870 et
791 1807 882 1870 nervi
902 1743 1010 1872 desint
1030 1808 1077 1886 (v.
1093 1803 1166 1873 Jac.

16 1887 17 1908 ¹
70 1887 576 1972 2‚17.2u.,etn0t.ad7,1.t.·
613 1889 765 1960 Ceterum
788 1891 884 1958 Pauli
906 1891 1068 1960 sententia
1091 1909 1168 1976 per-0

71 1974 182 2060 spicua
204 1979 269 2052 est.
314 1974 473 2039 Affirmat
492 1976 579 2041 enim
599 1976 705 2060 legem
728 1998 810 2052 mm,
830 1997 869 2040 ec
889 1981 940 2040 tot
958 1980 1165 2064 peccatorum

71 2061 109 2122 ab
121 2055 143 2126 J
146 2056 263 2122 udaeis
278 2063 481 2144 patratorum
496 2071 631 2127 nratrem
646 2060 830 2142 exstitisse,
853 2059 939 2148 qued
955 2061 1015 2139 iis,
1038 2057 1094 2146 qui
1110 2079 1166 2123 ne·

16 2190 17 2212 2
72 2151 143 2223 gata
160 2149 339 2230 cuperent,
361 2144 440 2208 uitia
460 2145 629 2210 irritasset
645 2147 796 2216 retundo.
839 2143 909 2212 seo
921 2139 1019 2210 Pauli
1036 2152 1167 2208 senten·
1248 2147 1252 2156 ’

70 2228 145 2292 tiam
162 2248 270 2313 neque
285 2227 770 2315 experientiaetestimenium,
797 2227 839 2296 ad
861 2227 948 2316 qnod
968 2229 1167 2316 interpretas

72 2314 167 2397 vulgo
180 2317 374 2402 provocant,
395 2313 559 2395 illustrat,
577 2311 682 2404 neque
697 2317 767 2382 ioca
783 2315 914 2403 plenam
924 2313 1059 2393 iaciunt,
1073 2333 1165 2402 ⁴qum
1237 2349 1244 2358 -

71 2398 103 2463 in
122 2399 208 2462 hauc
228 2418 297 2462 rem
319 2399 434 2466 citent.
485 2399 620 2466 Scilicet
642 2400 726 2470 nihil
754 2399 902 2466 homines
930 2401 1038 2470 tenere
1068 2395 1167 2488 mulla

70 2479 1185 2671 1131.1111311111·111111111ὲὲ1.3111131.,

71 2654 134 2720 eibi
154 2660 189 2718 et
205 2652 306 2740 utiles
322 2673 378 2718 rea
396 2675 457 2742 per
471 2654 682 2724 iuvidentiam
701 2675 819 2738 negari
835 2657 1008 2740 opinentur
1027 2651 1167 2734 (Genua.

71 2739 100 2819 3,
113 2738 147 2804 ⁵.
170 2735 272 2803 Ovio.
286 2741 368 2805 Am.
381 2740 414 2820 3,
426 2738 459 2820 d,
475 2741 528 2810 17.
572 2738 721 2804 Nitimur
740 2740 776 2804 in
797 2739 933 2804 vetitum
953 2755 1079 2822 semper
1102 2728 1164 2820 [1]

71 2823 284 2912 cupimusque
299 2832 432 2908 negatam
451 2825 456 2910 Ι
492 2822 548 2890 Sic
561 2823 747 2892 interdictis
761 2823 908 2896 imminet
920 2836 1019 2904 aeger
1031 2820 1183 2922 unnim),

72 2921 139 2974 tum
160 2907 315 3009 queniam
337 2908 465 2974 animus
487 2910 648 2974 hermanus
667 2908 786 2972 naturd
804 2915 977 2974 contumax
999 2905 1044 2968 eit
1065 2903 1167 2990 rpsis-

96 3015 134 3058 ue
151 2992 311 3072 runculis,
333 2992 419 3058 sicut
432 2993 502 3064 iera
518 2992 641 3073 bestia,
664 2991 814 3062 irritetur
830 2991 980 3074 (Linou,
990 2990 1023 3055 4.
1042 2985 1165 3054 Seneca

72 3017 110 3142 de
125 3077 229 3144 Clem.
246 3077 345 3158 1,23.
358 3077 447 3162 24.),
476 3083 543 3146 tum
560 3078 635 3162 quin
650 3078 797 3144 hemines
816 3099 925 3140 rerrrm
941 3071 1118 3138 arduarum
1132 3079 1182 3154 et¹

96 3163 332 3231 ericnlesarum
346 3163 510 3230 fcrtrrnem
521 3161 671 3234 lubenter
684 3168 810 3228 tentent
824 3161 923 3244 (Her.
932 3159 997 3224 Od.
1008 3157 1167 3241 1,3.36.).

74 3185 293 3333 ilinc‘parunt
314 3247 431 3333 profici
450 3247 599 3330 legibus,
619 3249 751 3336 qnippe
772 3268 857 3333 quae
875 3266 979 3331 neque
1000 3241 1165 3325 hominum

77 3333 199 3397 enimes
210 3333 391 3398 'emendent
404 3338 438 3398 et
451 3333 484 3396 in
520 3331 618 3398 rohos
633 3333 722 3397 virne
737 3330 778 3395 ad
793 3333 901 3400 scelus
915 3327 1012 3394 etium
1026 3327 1168 3394 invitent

77 3423 120 3500 (r.
133 3415 289 3501 Thucyd.
301 3419 333 3497 3,
346 3415 402 3483 45.
424 3415 490 3480 Dio
516 3463 525 3482 .
541 3417 609 3487 Sic.
625 3421 654 3504 1,
666 3419 700 3487 2.
711 3453 753 3466 -
772 3413 832 3502 τὴν
846 3413 881 3481 δὲ
894 3411 1096 3496 νομοθεσίαν
1111 3433 1167 3476 κο·
1188 3453 1194 3459 ·

77 3499 202 3583 λάζειν,
226 3495 266 3568 ed
290 3499 459 3571 διδάσκειν
477 3496 681 3584 (συμβαίνει)
695 3502 783 3581 -.).
825 3503 876 3570 At
897 3505 1041 3576 tantum,
1062 3517 1166 3584 quan*

78 3594 140 3650 tam
161 3583 201 3652 P.
224 3585 286 3649 hc'c
307 3586 414 3674 eapite
434 3585 628 3670 miseretur,
654 3584 856 3655 Iudaeorum
881 3581 1061 3668 nequitiam
1079 3601 1189 3655 eam-2„

79 3693 136 3758 que
148 3676 216 3734 tam
234 3669 301 3734 late
315 3671 481 3761 patentem
503 3677 635 3756 tumque
655 3677 858 3742 constantem
873 3664 1019 3752 vulgaris
1039 3663 1096 3732 ille
1109 3663 1166 3729 hn-

79 3756 196 3820 minum
228 3753 263 3818 in
287 3755 387 3820 vetita
419 3755 512 3824 nisus
540 3757 672 3825 efficere
700 3777 763 3823 nnn
790 3753 911 3844 potuit.
959 3748 1090 3848 Quippe
1112 3751 1168 3820 lex

80 3863 201 3929 „nequae
214 3840 335 3924 prodes,
343 3837 472 3926 frustra
480 3838 575 3922 jubet
590 3843 647 3909 uret
661 3847 760 3927 uetat,
784 3837 1016 3927 uecimprcbne
1026 3832 1168 3925 jubendo
1249 3861 1257 3874 =
1292 3895 1293 3898 ,

79 3933 132 3989 aut
146 3924 286 3991 uetando
310 3926 442 3992 mevet’'
464 3925 630 4008 (Lactant.
653 3921 738 3992 lust.
753 3927 785 4002 6,
798 3925 830 3990 8.
849 3945 867 3987 e
887 3919 1017 3988 Cic'de
1037 3918 1122 4006 Rep.
1144 3919 1171 3986 1.
1217 3979 1221 3984 .
1254 3929 1279 3969 '·

79 4009 172 4095 HL).
223 4011 270 4074 Et
290 4011 349 4098 qui
375 4030 407 4079 v.
430 4010 483 4078 13.
503 4007 535 4089 5,
558 4011 612 4080 20.
642 4007 752 4080 loon.
772 4009 824 4090 15,
837 4003 890 4076 56.
914 4004 1036 4104 G⁸¹·.3’
1048 4006 1103 4104 19.
1118 4024 1171 4088 eq.

80 4095 216 4199 animoa
231 4092 472 4200 praejudicatis
480 4094 690 4194 opinionibus
704 4091 1026 4214 liberucxpeuderat,
1047 4083 1189 4210 rsPaue'

78 4180 584 4350 {toditt,{t⁰‘tdttd¹32{⁶?
601 4175 1179 4358 ttttnttdttttntotototo·

80 4350 184 4422 Mesia
201 4349 413 4441 disciplinam
434 4350 470 4419 in
484 4351 671 4422 huminibus
691 4349 893 4420 excitaretur
911 4351 1084 4416 rotumum
1099 4339 1178 4410 lehi·
