2814 5056
137 949 140 956 r
204 917 276 974 tota

197 406 264 474 em
409 350 1100 499 urrsronannnounlvos

147 529 152 540 ι
202 587 277 643 nem
296 560 443 655 pertinet
464 554 518 642 (lic
539 556 615 626 scil.
636 551 654 622 ὅ
676 539 828 645 ἐγερθὲὶς
847 555 1026 660 Χριστόςὶ.
1070 555 1208 624 Scilicet
1225 523 1314 624 recle
1389 550 1390 570 ¹

202 651 246 764 f.
260 675 292 762 p.
305 650 359 718 34.
373 645 584 736 scripsisset:
604 639 763 730 ¹chonbg
775 639 953 744 'cipridem
975 642 1103 730 pellor
1121 642 1158 710 dd
1171 637 1314 746 ἠγέρθη,
1390 712 1391 740 ¹

205 729 1317 912 attumulalstnalthblltt'tbltllttl'ltl
1369 785 1372 800 ·

305 843 373 970 foci
394 901 610 990 compositio,
639 907 785 964 nostram
805 897 1058 986 explicationem
1081 919 1209 980 veram,
1244 899 1318 967 Aa·

145 1048 150 1062 .
204 993 326 1082 praelim
351 986 648 1075 interpunctionem
674 983 792 1050 lalsam
821 1003 896 1048 esse
922 981 1030 1050 docet.
1088 982 1318 1070 Unaquaeque

206 1078 295 1146 enim
340 1070 522 1140 ercontatic
548 1067 753 1170 negotionem
772 1068 947 1174 continens
969 1069 1125 1169 continuo
1141 1068 1318 1152 confirmo-

137 1229 141 1242 ,
207 1169 276 1232 tur.
315 1227 316 1234 γ
339 1167 373 1226 ta
394 1178 478 1246 quae
500 1178 529 1222 v.
550 1155 605 1222 31.
618 1156 743 1239 legam
757 1174 807 1220 vs.
825 1155 879 1219 32.
903 1159 1052 1234 munstur
1066 1161 1100 1219 et
1115 1174 1200 1242 quae
1215 1171 1247 1220 v.
1261 1154 1318 1224 3⁵.

105 1319 109 1324 ,
208 1246 396 1314 continetur
408 1263 505 1308 versu
519 1239 573 1308 37.
587 1239 834 1306 corroboratur.
876 1237 966 1304 Hinc
980 1259 1011 1306 v.
1028 1236 1081 1315 τίς
1093 1236 1160 1324 dyc.
1174 1262 1205 1303 κ.
1220 1232 1251 1304 i.
1262 1242 1321 1320 3„-

208 1331 327 1405 verbis¹
345 1325 433 1404 Θεὸς
456 1319 474 1392 ὃ
497 1326 646 1391 δικαιῶν.
666 1332 700 1388 et
720 1345 808 1390 voco.
829 1319 881 1398 τίς
905 1320 924 1388 ὁ
947 1319 1170 1409 nuncupem,-
1206 1323 1322 1391 verbis

208 1410 361 1504 Χριστὸς
382 1405 400 1478 δ
422 1407 607 1482 ἀποθανών
628 1445 669 1460 -
687 1399 775 1492 dudo
804 1401 906 1496 ἡμῶν.
932 1408 1045 1474 fulciri
1072 1407 1234 1474 credibile
1255 1418 1323 1478 est.

208 1501 365 1601 Denique
386 1517 426 1562 ex
445 1516 503 1576 eo,
531 1493 619 1584 quod
636 1515 666 1561 v.
680 1494 734 1560 32.
754 1489 952 1558 antecedens
967 1493 1131 1559 sententia
1145 1516 1206 1580 per
1219 1494 1325 1560 inter-

178 1579 187 1590 ’
208 1593 406 1672 ropctconem
426 1581 591 1660 minuitur,
619 1579 718 1644 verha
740 1600 771 1647 v.
784 1577 839 1644 33.
855 1584 889 1644 et
901 1579 978 1662 34„
1005 1579 1046 1645 de
1063 1579 1184 1666 quihus
1197 1578 1241 1644 lis
1257 1587 1325 1658 est,

210 1668 492 1762 percontationem
518 1663 692 1752 complecti
718 1685 782 1729 non
812 1663 976 1749 sequitur.
1026 1663 1123 1732 Licet
1145 1664 1232 1730 enim
1258 1664 1326 1730 tihi

94 1799 119 1829 ,s
211 1778 283 1822 rem
310 1753 504 1824 confirmare
524 1758 594 1815 tum
613 1749 837 1834 ietterropondo
865 1755 932 1814 tom
955 1737 1168 1837 affirmando.
1215 1748 1326 1816 Multo

211 1843 322 1906 minus
342 1857 397 1902 res
416 1857 434 1899 e
455 1857 506 1902 vs.
524 1835 598 1916 35„
625 1833 681 1899 ubi
702 1855 763 1922 per
776 1833 1070 1920 interrogationem
1090 1836 1328 1918 respondentur

211 1919 380 2012 (Meyer),
413 1920 616 1988 coniicitur.'
646 1917 699 1982 Ne
726 1941 766 1983 ue
786 1919 872 1986 enim
893 1940 925 1987 v.
944 1921 998 1988 35.
1019 1920 1061 1984 ad
1083 1920 1327 2005 interrogatum

212 2003 449 2097 respondetur,
467 2003 661 2090 *secernis
676 1941 819 2090 idiotae,
849 2004 869 2090 ἢ
886 2002 1087 2090 στενοχωρία
1100 2042 1142 2055 -
1164 2002 1329 2096 ἢμάχαι-
1398 2019 1399 2024 ’

208 2116 277 2180 ρας
298 2089 498 2182 praecedens
514 2091 733 2172 interrogatio
750 2089 966 2159 continuatur.
1009 2089 1232 2178 Responsum,
1255 2091 1330 2156 sive

212 2179 328 2268 potius
342 2175 513 2258 negativae
528 2175 730 2255 sententiae,
753 2195 837 2261 quae
857 2175 1163 2264 percontationibus
1177 2175 1331 2240 contine-

212 2273 290 2345 tur,
309 2257 516 2329 confirmatio
533 2259 644 2324 versui
659 2261 713 2326 37.
737 2259 840 2326 inest.
870 2255 1065 2348 ¹Perperam
1081 2259 1172 2346 Orio.
1193 2259 1236 2326 ad
1252 2259 1287 2327 h.
1304 2261 1333 2329 l.

216 2354 251 2412 et
280 2347 352 2416 Sol.
372 2347 405 2410 in
431 2343 490 2410 Pe.
510 2341 667 2426 11,724.‚
694 2343 823 2426 chrys,
853 2343 1003 2425 Eranam„
1033 2345 1163 2414 Torret.
1183 2346 1217 2410 al
1236 2367 1334 2412 voco.

221 2431 309 2510 Θεὸς
337 2423 523 2496 ὃ.3ικαιῶν
547 2429 639 2514 (scil.
662 2425 766 2506 ἐστι),
793 2423 848 2506 ,τίς
869 2426 887 2493 ὃ
912 2429 1133 2516 usucapionem
1161 2430 1335 2519 copulant,

217 2537 282 2582 non
298 2515 384 2604 quod
399 2512 681 2598 sieinterrogatio
697 2511 748 2590 τίς
761 2507 934 2598 ἐγκαλέσει
948 2538 979 2578 κ.
993 2511 1020 2580 ἐ.
1033 2519 1090 2593 3.,·
1111 2508 1236 2582 nullam
1249 2515 1335 2582 sub·

214 2600 335 2692 jectam
356 2600 477 2666 haheat
495 2599 729 2686 responsionem
747 2599 893 2684 (Bezo),
915 2597 973 2663 sed
989 2600 1068 2686 quia
1082 2601 1186 2668 totius
1201 2602 1227 2668 l.
1242 2602 1336 2666 ratio

219 2685 327 2766 docet,
342 2685 452 2752 verbis
460 2677 570 2760 θεόςδ
580 2683 727 2748 δικαιῶν.
741 2684 1226 2772 percontationemnegativam
1245 2709 1337 2774 quae

218 2767 556 2862 proximepraecedit,
570 2767 696 2834 firmari
705 2771 747 2852 (v.
754 2769 886 2856 supra),
895 2766 933 2833 'et
940 2769 1016 2856 quia
1027 2771 1245 2837 membrorum
1254 2794 1337 2836 oon·

219 2857 363 2922 cionitas
379 2876 410 2922 v.
417 2853 472 2921 33.
480 2853 799 2940 et34.'perturhatur
808 2874 914 2941 neque
925 2875 956 2920 v.
965 2847 1340 2941 Χριστόςὸἀποθανών

213 2935 1355 3026 ,etnhahentquoreferantur.Nemeenimnonpostovnepppmohnc'

246 3036 317 3092 acto
331 3015 1033 3112 requireretnlcm'miyaole'obcuoc'einaim
1057 3027 1340 3113 arrtsimilequid.

221 3049 290 3179 heo
318 3110 471 3176 videntur
505 3107 573 3185 illi',
615 3109 692 3194 qnia
723 3107 787 3173 Dei
815 3107 981 3174 absolutio
1009 3109 1344 3190 condemnationi‚et

223 3194 354 3262 Christi
367 3191 587 3283 patrocinium
609 3189 811 3258 accusationi
833 3190 1051 3281 respondeat,
1079 3197 1166 3275 hunc
1183 3196 1344 3287 disputa·

222 3278 327 3347 tionis
342 3277 489 3345 ordinem
507 3284 738 3365 exspectasse:
764 3273 816 3356 τίς
829 3275 1000 3363 ἐγκαλέσει
1011 3305 1040 3346 κ.
1055 3277 1082 3346 ἔ.
1097 3283 1153 3362 3.,·
1184 3279 1344 3367 Χριστὸς

224 3362 244 3432 ὃ
259 3358 458 3450 ἐντυγχάνων
472 3353 559 3446 tinen
572 3357 688 3428 odada.
703 3360 756 3438 τίς
769 3353 787 3426 ὃ
804 3359 1025 3449 usucapionem
1050 3363 1137 3442 Θεὸς
1151 3359 1170 3434 o‘
1185 3367 1344 3434 draconis.

121 3468 123 3474 ’
218 3447 266 3530 ¹In
282 3450 343 3514 heio
358 3446 512 3537 opinione
527 3446 592 3512 luit
607 3447 781 3530 Calvinus,
798 3447 855 3534 qui
870 3444 1009 3513 Paulum
1023 3458 1227 3537 purgaturus
1242 3473 1346 3518 aceu-
1369 3499 1373 3512 .

225 3536 349 3602 sationi
364 3529 606 3608 ahsolutionem
620 3531 761 3620 opponi,
790 3540 827 3598 ut
843 3554 883 3597 ne
898 3533 1004 3612 locrim
1017 3533 1149 3620 quidem
1163 3545 1279 3625 patere
1296 3538 1347 3602 iis

226 3617 438 3700 accusandis,
453 3639 536 3704 quos
552 3615 646 3682 Deus
661 3638 721 3705 pro
730 3616 835 3707 justis
851 3617 988 3699 haheat,
1009 3607 1128 3685 nedum
1143 3631 1180 3685 ut
1194 3621 1245 3686 rei
1263 3644 1348 3711 per-

227 3714 388 3790 agantur,
422 3702 643 3782 declaretur„
663 3712 731 3767 tum
761 3699 1024 3768 condemnationi
1044 3705 1175 3773 Christi
1193 3707 1350 3796 patroci-

209 3792 319 3860 inium
335 3812 376 3856 ex
390 3786 529 3854 adverso
541 3787 717 3866 collocari,
743 3794 780 3852 ut
794 3783 922 3854 Christi
942 3789 1350 3885 expiationemspraever-

115 3911 117 3920 .
227 3877 313 3944 fisso
335 3874 514 3967 judicium,
548 3873 601 3956 ht‘
621 3891 660 3936 ne
685 3871 720 3936 in
746 3871 1014 3960 disquisitionem
1044 3876 1189 3962 quidem·
1204 3877 1352 3946 veniant

230 3967 344 4028 nostra
362 3966 506 4048 peccate,
529 3947 735 4036 ostendatur,
757 3959 915 4043 probante
930 3959 1025 4026 Beza
1040 3961 1240 4030 observavit.
1291 3967 1353 4030 At

150 4057 152 4066 ⁴
230 4048 349 4112 nititur
376 4047 455 4110 hace
482 4066 522 4110 ex
548 4042 648 4108 nsitio
675 4041 760 4108 laisei
792 4043 964 4109 verborum
996 4065 1028 4112 v.
1051 4046 1106 4113 34.
1142 4047 1298 4134 Χριστὸς
1331 4043 1352 4112 ὅ

230 4128 427 4211 ἀποθανών,
446 4066 573 4210 nottho
587 4127 624 4194 de*
639 4127 721 4212 [acl]
738 4124 790 4212 dyc
813 4125 888 4206 θείς
903 4129 992 4196 inter
1017 4131 1191 4201 retatione.
1232 4131 1354 4199 Multo

232 4214 418 4303 simplicius
433 4235 500 4296 rem
516 4213 561 4277 ita
579 4212 748 4300 expedias.
828 4214 885 4278 icit
902 4215 934 4283 b.
948 4217 972 4282 l.
1013 4263 1041 4296 .,
1061 4217 1127 4305 piis
1137 4215 1355 4288 Christianis

232 4300 333 4380 vitam
360 4299 587 4380 sempiternom
612 4319 631 4360 a
659 4293 788 4364 nemine
815 4300 902 4387 eripi
922 4323 1032 4388 posse.
1082 4299 1156 4368 Hac
1176 4326 1255 4370 vero
1278 4327 1355 4372 non

214 4383 217 4390 '
233 4385 392 4474 potietur,
408 4384 478 4448 nisi
491 4382 548 4472 qui
563 4390 598 4447 et
609 4377 669 4472 τὴν
683 4381 896 4472 δικαιοσύνην
907 4408 938 4456 τ.
951 4390 987 4452 3.
999 4383 1140 4476 adeptus
1154 4389 1200 4456 sit
1216 4391 1357 4478 (⁵,21.)
