2842 5060
164 375 292 450 cer.
313 317 416 450 r'rr.
439 376 510 449 vs.
531 327 566 448 r.
586 415 630 430 -·
650 377 776 464 cnr.»
794 377 919 476 verr.
940 381 1014 455 va.
1036 384 1111 455 rr..
1152 381 1198 454 aa

83 537 201 626 Quare
216 537 275 626 qui
291 535 433 605 Paulum
446 537 600 604 refellere
613 538 826 604 constituerit
839 537 905 606 duo
921 537 1038 608 doceat
1058 557 1194 612 nemete

82 633 151 707 cst,
188 645 291 688 unum
321 645 388 688 non
414 625 523 689 minus
543 623 672 690 Christi
726 627 890 714 raeeeptis
913 625 1124 694 Christianos
1147 629 1192 698 ad
1264 677 1288 694 .·

82 707 283 800 peccandum
306 709 501 790 sollicitari,
531 731 628 795 quam
650 646 771 778 ludaei
801 710 876 795 lege
902 731 986 779 moe.
1015 713 1192 782 sollicitati

83 798 161 877 sint,
175 796 340 874 alterum,
363 814 427 858 non
442 794 635 859 antecedere
650 795 717 864 dir.
733 795 888 884 spiritum
901 795 1009 883 Masis
1021 799 1129 885 legem
1143 799 1190 868 iis

82 880 282 958 virtutibus,
304 900 388 966 quae
404 879 456 943 illi
471 876 509 944 P.
524 879 693 947 tribuerit.

164 965 234 1050 Qui
250 964 355 1029 libero
367 970 401 1028 et
415 964 471 1050 qui
488 965 519 1026 in
535 963 792 1056 praejudicatam
814 965 1002 1053 opinionem
1023 987 1088 1034 non
1108 989 1188 1057 pro-

82 1049 224 1138 pendeat
237 1048 349 1114 auimo
373 1050 477 1114 locum
493 1051 621 1128 7‚7.‘7-
643 1050 738 1131 8,1r.
758 1049 937 1134 diligenter
957 1052 1189 1122 considerave-

82 1137 146 1217 rit,
167 1155 237 1200 eum
253 1134 505 1198 commentarios
519 1134 713 1222 complecti,
733 1135 854 1222 quibus
869 1145 945 1202 ante
960 1135 1048 1208 dicta
1062 1141 1136 1220 7,.5.
1151 1143 1187 1209 6.

82 1230 150 1285 turn
167 1220 380 1284 illustrentur
394 1224 461 1284 tum
477 1219 752 1300 corroborentur,
774 1241 837 1284 non
855 1229 964 1308 potest
978 1243 1043 1290 non
1058 1223 1186 1295 intelli-

82 1325 172 1390 gere.
215 1307 325 1370 Docet
348 1304 434 1370 eninr
455 1305 675 1392 expositionis
696 1304 737 1368 ad
757 1325 789 1372 r.
809 1305 843 1373 d.
867 1307 992 1372 relatae
1013 1307 1185 1374 exordium

85 1411 112 1457 r.
132 1390 285 1470 7-12,
318 1390 453 1478 planum
484 1390 565 1455 facit
583 1389 832 1458 dissertationis
850 1391 1185 1476 7,7-8‚17.‚argu-

83 1477 245 1554 ruentum,
265 1473 473 1540 demonstrat
494 1474 673 1563 bipartitae
695 1471 932 1562 disputationis
945 1479 1073 1626 ¹pultare
1095 1479 1184 1544 anim

83 1561 259 1628 ter-25.
272 1560 314 1622 ad
330 1581 362 1626 r.
376 1561 409 1627 5.
423 1569 578 1660 spectat.
603 1561 710 1625 altera
732 1561 903 1642 &1—17.
924 1581 941 1624 e
984 1564 1057 1643 7,6.
1077 1565 1184 1652 perti-

15 1725 16 1728 *
83 1649 149 1728 net)
166 1646 253 1710 ratio
268 1654 301 1709 ot
316 1645 483 1710 conclusio
498 1654 545 1729 (r.
558 1649 589 1722 7,
600 1647 653 1712 25.
668 1648 711 1713 cl.
726 1667 758 1713 r.
772 1645 825 1725 5.,
846 1652 880 1710 et
892 1645 965 1723 8,1.
987 1648 1040 1716 13.
1062 1670 1116 1736 sq.
1137 1647 1182 1717 cl.

15 1741 16 1818 ζ
81 1733 179 1813 7,6.).
222 1728 366 1796 Dicendi
380 1729 553 1795 exordium
570 1729 610 1799 Ρ.
633 1733 723 1817 capit
744 1751 763 1814 a
783 1731 992 1814 sanctitatis,
1019 1732 1063 1797 oo
1083 1755 1182 1821 qrram

15 1867 16 1872 ,
82 1817 185 1898 legens
212 1837 295 1882 mos.
325 1815 512 1880 rectissime
540 1815 744 1894 reverearis,
778 1813 972 1881 defensione
996 1820 1182 1896 7,⁷-12..

15 1933 16 1936 ¹
81 1900 161 1968 Nam
174 1901 276 1966 rerba
298 1922 330 1968 r.
345 1901 379 1967 5.
402 1895 445 1964 roi
464 1897 652 1985 παθήματα
671 1902 737 1963 τῶν
757 1891 927 1982 ἁμαρτιῶν
946 1898 995 1964 τὰ
1014 1901 1035 1966 d
1042 1901 1087 1967 cd
1107 1903 1182 1970 τοῦ

14 2010 16 2056 t
81 1986 207 2066 νόμου
230 1985 475 2072 impuritatem,
512 1984 577 2070 qud
598 2006 720 2072 pravos
741 1986 910 2073 appetitus
932 1985 1053 2051 foverit
1074 1995 1108 2052 et
1137 1985 1182 2052 ad

14 2069 16 2144 Ϊ
77 2073 179 2140 malas
207 2073 357 2136 actiones
386 2070 534 2136 homines
558 2066 752 2170 pellexeiit,
785 2069 854 2154 legi
873 2071 1179 2159 moecxprohrare

14 2151 15 2160 ’
79 2157 178 2220 rideri
208 2162 375 2242 poterant.
431 2154 590 2220 Ostendrt
616 2155 720 2238 igitur
743 2152 801 2234 Ρ.,
830 2152 963 2221 Peccati
985 2167 1181 2240 monstrum,
1239 2161 1240 2165 ’

76 2241 161 2328 quod
179 2239 286 2305 diesis
299 2242 372 2323 lege
387 2239 531 2304 noudum
546 2239 614 2304 latia
630 2249 787 2326 tanquam
800 2239 944 2325 sopitum
962 2239 1108 2328 jaceret,
1128 2243 1180 2307 le·
1206 2301 1215 2318 ,

76 2327 125 2408 gis
142 2349 228 2393 uros.
242 2325 330 2412 quod
348 2325 451 2388 rnrrlas
465 2325 665 2411 cupiditates
679 2327 769 2388 alere
782 2333 911 2390 vetaret
925 2325 1103 2392 interdicto
1120 2341 1179 2392 ex·
1271 2407 1275 2414 ⁸

75 2413 299 2499 perpefarturn
313 2431 393 2492 strare
409 2410 611 2498 impuritatis
627 2410 719 2476 rirue
733 2410 975 2497 oeconomiam,
997 2433 1095 2498 quum
1117 2433 1178 2498 per
1197 2481 1199 2488 .

75 2497 319 2560 sanctissimum
334 2503 562 2584 praeceptum,
584 2494 672 2580 quod
685 2515 804 2582 pravas
817 2495 1017 2584 cupiditates
1034 2496 1178 2562 homini·
1244 2537 1250 2546 ·

75 2582 134 2646 bus
148 2581 396 2662 interdixisset,
420 2581 522 2646 rnalas
536 2581 644 2644 omnis
664 2578 797 2664 generis
815 2579 1015 2681 cupiditates
1036 2582 1179 2646 homini·

73 2666 135 2732 bus
165 2665 372 2730 accendisset
398 2665 506 2750 iisque
529 2687 628 2750 qurrrn
650 2665 737 2750 rapti
758 2663 982 2751 eupidrtatum‘
1001 2666 1178 2747 lenociniis

74 2761 268 2840 peccassent
282 2758 417 2816 mortem
433 2751 630 2836 peperisset.
674 2751 769 2833 Quare
791 2749 839 2814 sic
854 2750 895 2818 Ρ.
916 2751 1028 2839 eloqui
1049 2752 1178 2838 potuis-

76 2846 144 2918 set,
166 2846 205 2901 ut
221 2838 362 2902 diceret:
391 2856 453 2902 nou
469 2836 630 2921 impuram
649 2857 723 2898 esse
742 2835 848 2900 Masis
872 2837 996 2918 legem,
1025 2836 1113 2922 qrrod
1133 2857 1178 2901 ex

77 2943 105 2989 r.
121 2944 152 2989 r.
168 2923 202 2988 5.
220 2921 344 3008 aliquis
358 2930 625 3002 angmentetur,
647 2921 744 2984 facilc
764 2926 869 3066 patet.
890 2917 1042 3008 ⁴Nempe
1055 2919 1177 2986 Pecca-

75 3018 141 3072 tum
164 3005 256 3094 quod
278 3009 454 3089 legemus.
474 3004 617 3069 nondum
646 3025 760 3092 promrr
777 3003 855 3086 gatti
874 3024 989 3068 somno
1010 3007 1176 3092 sepultum
1286 3080 1290 3090 1

43 3088 46 3097 ’
74 3104 126 3157 cst
139 3092 342 3157 cxcitatlata
359 3092 433 3172 lex,
454 3090 511 3177 qrri
539 3112 577 3177 po
590 3111 683 3153 suum
700 3091 844 3153 furorem
861 3087 1049 3154 effundendi
1073 3097 1177 3154 mate·
1229 3097 1237 3108 “

74 3179 158 3242 riam
173 3178 205 3242 ei
219 3177 451 3264 suppeditans.
527 3176 572 3240 tta
589 3174 692 3257 igitur
705 3173 898 3238 destitutum
913 3181 988 3240 crat
1002 3171 1178 3244 Peccatum

77 3285 174 3350 quum
191 3261 298 3327 Masis
313 3263 365 3326 lex
389 3259 529 3327 noudum
552 3261 618 3324 lata
639 3269 747 3339 esset,
776 3258 834 3323 sed
856 3261 966 3325 virere
987 3261 1096 3349 coepit
1115 3261 1177 3334 hoc

75 3354 251 3436 praecepto
264 3347 489 3434 promulgato:
510 3345 579 3410 noli
596 3347 679 3410 male
692 3345 934 3431 concupiscere.
976 3343 1063 3410 Nam
1080 3367 1177 3433 prae·

76 3445 187 3520 cepto,
209 3431 297 3518 quod
315 3437 351 3517 ut
366 3451 486 3519 prorae
500 3430 698 3516 cupiditates
715 3431 947 3512 frangerentur
960 3429 1073 3499 datum
1086 3436 1178 3496 essct
1235 3463 1241 3473 “

76 3519 255 3597 diuinitus,
279 3515 450 3581 Peccatum
465 3515 688 3594 abusumeet,
710 3535 808 3600 qtnrm
824 3517 923 3580 motis
943 3537 1005 3603 per
1026 3526 1175 3580 sanctum

76 3615 286 3691 praeceptum
303 3602 416 3689 pratis
430 3623 468 3664 cu
495 3593 667 3664 iditatihus
681 3608 812 3686 peccata
827 3602 977 3684 gigneret
990 3601 1099 3686 iisque
1118 3601 1192 3687 qui,
1297 3667 1301 3676 ,

76 3698 267 3795 peccassent
283 3697 453 3753 mortema
482 3693 583 3752 erret.
627 3685 847 3790 Quamobrem
865 3695 898 3749 ot
913 3691 1001 3750 recte
1021 3679 1075 3750 ὅτε
1097 3678 1179 3772 ἦμεν

78 3800 115 3838 er
133 3775 181 3861 τῇ
202 3774 331 3858 σαρκὶ
350 3769 538 3849 rd‘rrada.
555 3761 587 3834 oi.
608 3792 657 3834 τα
680 3771 747 3834 drdr
767 3772 840 3835 rod
863 3768 991 3852 νόμον
1010 3767 1178 3856 ἐνηργεῖτο

77 3857 133 3926 dr
155 3883 192 3942 μ.
207 3852 239 3944 ἡ.
266 3853 317 3934 εὶς
333 3853 375 3921 -τὸ
390 3879 490 3941 καρπ.
504 3878 533 3922 τ.
553 3855 874 3942 &supereminendi
889 3863 924 3920 et
945 3855 991 3920 ita
1012 3853 1179 3933 contendi,

77 3947 175 4016 utrci
196 3943 333 4030 culpam
354 3935 515 4026 iplagam
537 3962 621 4007 moa.
643 3939 921 4012 non-conferrem.
973 3937 1040 4004 Sed
1063 3938 1180 4008 maluit

77 4032 141 4132 Ap.
156 4050 244 4118 quae
259 4035 333 4090 tum
350 4023 390 4090 de
405 4027 570 4092 hominurn
585 4046 705 4109 genere
725 4046 757 4093 r.
778 4024 811 4092 8.
832 4027 885 4107 9.,
906 4035 974 4093 tum
995 4023 1035 4089 da
1054 4025 1099 4090 iis
1119 4026 1177 4092 ho·

75 4117 234 4197 turribus,
259 4112 321 4199 qui
336 4118 412 4176 aute
426 4113 531 4177 Mesia
545 4112 650 4194 legem
666 4118 788 4198 etpost
803 4109 937 4194 samita
958 4115 995 4173 ut
1016 4109 1047 4174 ei
1068 4107 1192 4197 subja-v
1207 4143 1210 4149 ·
1227 4154 1231 4166 -

74 4203 113 4266 eti
125 4209 243 4268 essent
257 4198 426 4263 vixissent
438 4218 469 4264 r.
484 4199 615 4265 9-11.
627 4191 662 4262 id
674 4189 855 4262 capiceriam
873 4193 983 4260 dicere
1003 4195 1180 4282 potuisset,

72 4307 134 4352 rern
150 4287 265 4355 oculis
285 4283 393 4366 magis
408 4281 620 4368 subjecturus
641 4281 689 4344 sic
711 4281 900 4361 enuntiare,
921 4285 959 4344 ut
979 4279 1085 4365 primii
1104 4301 1181 4370 per·

70 4374 162 4446 oet.
176 4391 268 4442 usus
296 4389 412 4436 eorum
432 4374 547 4458 partes
565 4373 697 4455 ageret,
723 4363 764 4433 de
787 4365 909 4460 quibus
928 4365 1079 4434 valerent
1098 4385 1183 4460 quaa
