2824 5054
491 363 610 436 ene.
632 363 707 436 ne
737 363 807 435 nr.
829 363 915 446 re„
1012 349 1017 358 '
1190 365 1257 436 aaa

133 523 280 594 historici
307 525 424 614 pollet.
480 521 521 592 In
548 525 661 592 verbis
688 527 848 613 proxime
866 523 1144 614 praecedentibus
1168 523 1257 596 itaci

132 611 331 691 collocavit,
371 611 524 698 quoniam
554 612 614 678 hoc
632 631 704 678 voc.
735 614 770 678 in
791 613 904 698 rer-hu
921 611 1013 682 illesi
1033 612 1132 678 dictis
1150 621 1205 678 est
1224 619 1276 682 ri'

133 695 273 776 1⁵.,nc
297 717 381 783 quae
403 697 562 786 respicit:
589 699 653 766 b.e
673 698 843 768 sententiis
865 699 1012 782 asperius
1024 697 1116 764 Deras
1130 703 1256 765 tractet
1379 707 1385 721 ¹

124 802 209 870 ‘curce
239 782 306 848 urolt
334 782 477 870 objectio
500 805 530 850 v.
554 785 605 851 19.
629 783 706 848 inde
727 783 830 850 ducta
849 785 958 868 repeti
981 783 1115 871 nequit:
1149 777 1255 850 rtt'u

127 864 321 950 μὲμφεται,·
345 866 416 932 lmo
435 876 547 932 manat
561 890 598 933 ea
615 891 655 934 ex
668 870 728 934 hae
740 870 925 937 sententiis:
944 873 1145 955 pervicacem
1160 867 1254 934 Deus
1334 889 1343 904 ¹

126 951 252 1032 reddit,
281 951 432 1036 attidem
455 956 588 1038 deuepet
609 963 643 1021 et
664 955 762 1038 impia
783 957 890 1037 cicat,
911 956 1107 1041 quemcrdt:
1129 975 1158 1020 c.
1175 953 1251 1020 lul.
1292 981 1295 988 ’
1366 961 1368 970 “

126 1037 332 1122 Apostolum
364 1039 490 1106 dixisse
523 1045 727 1117 contumaees
753 1041 862 1106 Derim
896 1041 1048 1120 reddere,
1082 1060 1122 1104 ne
1150 1035 1250 1120 fidem

126 1121 255 1187 Gbristo
277 1122 435 1205 babeant,
471 1146 555 1212 quos
576 1126 673 1204 velit,
703 1131 771 1190 tunc
794 1147 813 1189 e
834 1147 885 1194 vs.
899 1125 972 1206 22„
1001 1124 1059 1190 ubi
1073 1125 1248 1190 banoscu-

124 1207 266 1272 tentiam
280 1207 323 1292 ab
336 1209 728 1296 objectionoviudicatam
742 1211 866 1298 repetit
876 1207 959 1297 (-b
971 1205 1246 1295 bede-adnepotes

94 1337 99 1356 ,
125 1288 309 1380 -ouadp
334 1287 459 1380 ὀργῆς
480 1294 797 1381 κατηρτισμένα
819 1294 883 1372 εἰς
903 1289 1149 1376 ἀπώλειαν),
1170 1301 1265 1376 tum,

125 1397 168 1441 ex
186 1377 303 1456 11,25.
316 1415 356 1428 -
374 1377 574 1466 πώρωσις
595 1373 664 1446 dud
687 1382 814 1466 μέρους
834 1380 882 1467 τῷ
899 1377 1033 1467 Ἰσραὴλ
1053 1380 1185 1464 γέγονεν
1197 1415 1242 1428 --

124 1463 350 1546 cognoscitur.
395 1463 481 1556 illam
504 1487 588 1551 quae
607 1467 641 1533 b.
664 1468 688 1535 l.
709 1467 891 1548 generatim
917 1467 1089 1530 enuntiata
1113 1463 1242 1529 suntin

12 1551 13 1560 ’
121 1546 270 1615 Judaeos
289 1549 391 1633 dirigi
413 1551 564 1637 n'pcrtum
584 1558 649 1620 est.
697 1551 865 1617 Nimirum
884 1551 919 1617 id
941 1553 997 1616 bic
1020 1549 1059 1618 P.
1080 1549 1170 1632 agit,
1201 1555 1240 1614 at
1326 1559 1328 1566 ’

116 1631 274 1724 judaicae
291 1635 409 1722 stirpis
423 1637 634 1704 Christianos
648 1639 855 1711 consoletur.
884 1636 975 1724 quod
994 1642 1045 1703 tot
1058 1634 1180 1705 Iudaei
1193 1631 1239 1698 ad

122 1718 252 1787 Christi
272 1741 365 1786 sacra
389 1743 453 1786 non
477 1723 690 1791 accesserint.
740 1720 810 1791 lll.
836 1721 990 1789 Pondere
1007 1721 1237 1787 destituuntur

50 1847 56 1858 ·
121 1814 337 1888 argumenta,
372 1807 492 1893 quibus
513 1808 690 1896 explicatio
707 1829 730 1872 a
756 1809 851 1872 nobis
877 1808 1012 1874 detensa
1041 1809 1235 1955 impugnata

121 1900 187 1958 est.
228 1891 337 1958 Recte
357 1891 495 1962 invicem
518 1894 640 1982 opponi
658 1895 911 1960 misericordiam
939 1893 1085 1975 tribuit(
1111 1891 1233 1973 origne

121 1982 260 2056 mactat)
275 1983 310 2042 et
325 1999 431 2044 necere
444 1987 585 2058 tractat,
608 1979 695 2043 male
711 1977 966 2044 mirericordiam
978 1976 1093 2045 tribuit
1110 1981 1145 2042 et
1155 1996 1233 2045 con·
1264 2047 1266 2052 ,
1296 1985 1299 1993 ’

119 2063 413 2128 tumacem¹reddit
441 2065 537 2128 nrulti
563 2065 715 2146 (corpu,
749 2062 869 2130 Morus
889 2065 949 2148 al.)
977 2062 1230 2151 perhibuerunt.

118 2147 172 2214 At
191 2146 340 2230 legitima
364 2150 529 2235 oppositio
549 2149 583 2214 in
605 2151 792 2229 rebccscst,
826 2170 910 2235 quae
941 2149 1053 2214 verbis
1072 2145 1230 2214 bteeiret
1277 2130 1288 2154 ’

87 2303 92 2310 ,
118 2231 697 2319 oatppboccr‘elleruntnr(ficecclu).
742 2233 829 2300 Nam
852 2233 1111 2320 misericordiam
1133 2231 1229 2298 Deus
1268 2237 1273 2241 “

118 2317 163 2381 iis
187 2319 309 2390 ,tribuit
327 2339 402 2406 utros
428 2320 553 2406 diripit,
584 2315 772 2404 pervicaces
791 2342 849 2385 eos
871 2319 984 2384 reddit
1002 2338 1079 2407 paroc
1098 2319 1165 2383 odit
1178 2319 1227 2398 (v.

117 2402 201 2486 13.).
245 2400 482 2485 Hiic'accedit,
503 2403 590 2491 enred
606 2405 672 2470 Dei
690 2404 917 2470 misericordia
937 2412 1105 2470 aeternum
1126 2399 1244 2489 feli-'

118 2489 290 2554 citatem
317 2490 497 2572 gignit,.a
524 2491 599 2554 Deo
625 2489 740 2554 effecta
767 2491 971 2557 contumacia
994 2489 1227 2568 sempiternam
1331 2542 1337 2556 .

8 2613 10 2626 ·
110 2573 326 2642 'miceriam
355 2576 445 2661 parit
475 2576 592 2661 (v.22.
608 2597 660 2661 sq.
684 2579 737 2656 ll,
757 2576 812 2643 25.
830 2579 911 2662 sq.).
961 2574 1094 2640 Deinde
1122 2572 1225 2638 verbo

8 2665 9 2672 ’
117 2655 311 2742 σκληρύνειν
329 2658 489 2732 divinitus
508 2661 655 2725 ellectum
679 2663 915 2750 pervicaciam,
942 2681 1027 2746 qnae
1048 2658 1166 2735 faciat,
1186 2664 1226 2727 nt

115 2745 317 2831 sempiternis
339 2747 499 2810 felicitate
520 2746 673 2825 excidas,
699 2750 730 2814 n.
751 2748 775 2814 1.
796 2745 939 2809 indicari
959 2743 1112 2809 nonnulli
1131 2745 1179 2827 (v.
1193 2762 1226 2812 c.

114 2828 291 2911 Noesselt.)
305 2840 467 2914 negarunt
482 2842 675 2918 propterea,
697 2829 785 2918 quod
804 2829 935 2896 Pharao
956 2836 1132 2896 contumax
1148 2826 1227 2891 red·
1332 2888 1334 2892 .

114 2914 205 2978 ditus
226 2922 380 2982 aeternae
401 2917 571 2982 beatitatis
590 2915 755 3004 “jacturrarn
779 2938 842 2981 non
861 2915 990 2983 iecerit.
1041 2912 1109 3000 Qui
1124 2909 1226 2977 Pauli

114 3001 359 3066 conclusionem
388 3023 420 3068 v.
435 3006 498 3069 ¹17.
532 3003 628 3089 plane
661 3025 723 3066 nort
747 3024 823 3090 pers
849 3012 987 3066 exerunt
1014 3000 1061 3083 (r.
1088 2993 1224 3066 notati
1304 3035 1307 3042 f

113 3106 147 3152 v.
162 3087 243 3170 ln).
291 3085 468 3154 Postremd
491 3089 727 3174 fuerans-aur
748 3089 797 3152 sic
819 3023 1047 3175 disputarent:
1067 3081 1245 3149 bomines'

100 3170 295 3238 «orientales
309 3175 393 3238 nihil
414 3195 477 3238 non
500 3195 539 3236 ex
554 3174 669 3238 ultimis
686 3174 786 3238 causis
803 3180 955 3275 repetere
969 3178 1103 3250 suetos,
1122 3187 1224 3254 quum

112 3255 226 3320 Deum
239 3259 427 3344 pervicaces
448 3260 595 3324 homines
618 3259 801 3324 reddidisse
823 3259 971 3323 dicerent
992 3257 1147 3344 libertate
1163 3273 1223 3318 eos
1265 3329 1267 3338 Ι

113 3340 260 3429 spoliare
292 3345 458 3426 noluisse,
494 3344 553 3408 sed
573 3346 634 3408 hoc
663 3343 913 3429 metonymidtl)
940 3363 1019 3410 usos
1037 3339 1224 3427 (Tboiucc.)

111 3425 298 3517 indicasse,
328 3430 436 3494 Deum
455 3429 604 3494 homines
625 3436 736 3514 recepte
755 3429 880 3513 inpenio
893 3435 1095 3495 contumaces
1111 3423 1224 3513 pervi-

111 3533 207 3578 caces
234 3512 423 3580 reddidisse
455 3515 536 3598 fingi
556 3536 654 3602 posse
681 3515 735 3580 vel
757 3523 920 3602 quatenus
939 3512 1158 3596 permisisset,
1183 3514 1242 3574 ut'

112 3597 275 3666 obstinati
302 3608 434 3679 essent,
471 3603 523 3666 vel
557 3611 727 3686 quatenus
756 3601 815 3686 qui
852 3600 964 3665 omnia
993 3595 1223 3672 moderaretur

110 3673 325 3750 ostendendae
352 3687 576 3772 anpendaepue
597 3687 817 3752 contumaciae
836 3687 1032 3750 occasionem
1057 3681 1104 3748 iis
1124 3702 1223 3769 prae·
1289 3743 1292 3762 ι

108 3768 254 3840 suisset.
303 3769 378 3835 Hoc
406 3793 448 3836 ex
474 3792 513 3836 eo
539 3771 703 3854 intelligi,
730 3769 818 3920 pund
837 3768 1080 3852 obstinationis
1109 3771 1226 3832 auctor

109 3873 199 3918 nuuc
213 3854 309 3921 Deus
322 3856 428 3922 luisse
442 3855 726 3937 tractaremus,
756 3859 788 3934 l.
800 3858 832 3938 7,
840 3857 874 3924 3.
887 3856 920 3935 9,
930 3854 984 3920 12.
1002 3850 1222 3934 10‚2c.14,4.

105 3940 169 4022 nl,
182 3939 349 4029 nuncipse
359 3940 489 4007 Pharao
500 3941 642 4020 uraca,
651 3941 707 4012 32.
719 3944 751 4022 9,
758 3941 813 4009 34.
829 3937 1008 4090 eedcmpue
1023 3933 1225 4003 resnuncad
1320 3940 1324 3947 ’

108 4023 411 4109 Deum2Sam.24,
421 4031 463 4108 1.,
482 4026 780 4094 nuncadSatanam
790 4025 942 4093 l'Ghron.
975 4027 1222 4108 l,l.auctorem

107 4111 279 4176 referatur
303 4103 431 4196 (tiron,
458 4105 670 4193 Turretinus,
705 4111 875 4193 ltoscnm„
903 4112 1044 4196 coepte,
1072 4107 1224 4178 Tboluct·
1272 4191 1279 4198 ἱ
1368 4179 1376 4192 ,

108 4196 186 4280 al.).
228 4195 279 4262 Re
305 4198 520 4281 ugnantlacc
534 4206 613 4261 sanc
630 4198 718 4267 inter
730 4218 786 4278 se,
803 4195 1043 4263 contumaciam
1060 4215 1083 4259 e
1095 4193 1170 4259 Deo
1187 4191 1225 4262 in

103 4278 245 4362 ,homine
260 4219 408 4349 adactam
424 4305 499 4349 esse
513 4292 546 4348 et
560 4289 632 4348 eam
646 4283 756 4371 ipsum
773 4283 935 4348 hominem
949 4301 1013 4371 pro
1028 4279 1155 4366 ingenii
1169 4273 1223 4344 sni
1286 4334 1288 4343 .

106 4368 277 4458 pravitate
292 4371 493 4460 concepisse,
515 4367 607 4450 item,
620 4368 833 4456 ingenerasse
841 4367 951 4470 ileum
966 4365 1142 4440 Pharaoni
1150 4377 1228 4433 ctu«
1246 4441 1250 4446 .
1372 4447 1375 4458 s
