2806 5054
12 3737 14 3746 “
133 3723 473 3804 aconcio-14..
527 3719 706 3788 Praeterea
726 3721 859 3789 minime
879 3722 1035 3812 displicet
1052 3729 1125 3794 τὸν
1142 3733 1237 3816 Χρι-
1359 3766 1363 3777 =

240 387 242 392 .
313 367 318 374 -
357 313 805 392 merneram.
828 319 962 389 ssu..
1147 295 1213 384 res

107 511 138 558 s.
151 485 267 555 vitalis
278 489 349 567 cst,
368 479 522 570 quoniam
537 478 762 564 iutegritatem
773 479 972 568 consequuti
986 478 1088 548 estisc
1106 503 1139 548 v.
1155 501 1212 548 su.
1227 465 1231 472 ’

131 577 197 659 ra).
243 571 408 641 Grot.:-
427 565 734 658 praviaffeotusth.
748 557 927 656 οῆσάρξ,
950 587 1013 631 non
1035 561 1074 630 τὰ
1099 569 1211 650 σῶμα)
1260 593 1261 598 ¹

108 657 322 727 mtcrmortui
341 662 419 720 sunt
437 659 570 739 propter
584 659 750 734 peccatam
764 649 806 736 (i.
819 671 850 718 c.
871 656 907 716 at
925 658 1092 734 peccatum
1113 653 1214 716 evite-
1324 715 1326 722 ,

108 744 196 825 turi)
227 741 371 829 spiritus
393 738 461 806 dir.
476 738 563 803 vitae
577 757 677 801 causa
694 742 767 816 est,
788 736 864 823 quia
875 735 1043 826 justitiam
1064 736 1098 801 ic
1119 735 1215 804 vobis

110 833 268 919 operatur
282 825 425 892 divinam
440 827 488 908 (v.
504 823 634 909 supra).
1200 831 1207 842 ·

193 913 242 982 V.
260 913 314 978 11.
358 910 490 976 Nesus:
512 907 666 976 εἰσοίσετε
678 905 767 987 Dei,
789 904 846 993 qui
860 902 974 973 Iesum
997 905 1085 973 vitae
1105 905 1216 972 reddi-

110 999 179 1079 dit,
214 997 358 1086 spiritus
380 997 415 1059 iu
435 992 529 1060 vobis
549 992 696 1074 habitat,
732 992 930 1080 sperandum
954 999 1023 1073 est,
1057 992 1147 1071 lure,
1180 1001 1218 1058 ut

111 1085 242 1154 Christi
262 1084 297 1147 in
321 1082 424 1147 citam
443 1078 621 1144 restitutor
647 1076 712 1165 qui
738 1077 807 1143 vitai
836 1098 921 1142 uene
940 1077 1042 1145 animi
1061 1078 1219 1142 fruuntur

113 1192 184 1237 eam
206 1167 405 1234 mortalibus
426 1184 556 1253 quoquo
577 1161 762 1248 corporibus
779 1160 903 1227 vestris
934 1160 1116 1249 impertiat.
1165 1160 1219 1230 Δέ

113 1277 211 1343 saepe
233 1276 267 1322 v.
286 1252 433 1320 8-10.
455 1251 611 1316 iteratum
632 1248 666 1317 h.
686 1248 711 1314 Ι.
732 1253 842 1313 aretem
860 1246 1020 1314 declarat.
1067 1247 1145 1314 Nou
1165 1260 1220 1316 eat

14 1353 15 1414 j
113 1343 175 1406 τοῦ
188 1336 377 1424 ἐγείραντος
392 1336 568 1404 Genitivus
581 1354 623 1422 ep
647 1331 819 1400 coitionis:
841 1353 934 1398 meus
950 1332 1015 1398 Dei
1028 1333 1053 1402 i.
1069 1357 1099 1403 e.
1114 1355 1219 1416 mens,
1241 1353 1244 1360 ’

13 1483 15 1512 ρ,
113 1425 226 1492 Deum
246 1423 321 1489 dico
342 1423 485 1570 qui—-fi
617 1355 647 1488 l

13 1515 15 1590 l
112 1509 247 1591 πνεῦμα
260 1509 412 1592 opimium
425 1529 449 1570 o.
488 1511 599 1570 euotat
612 1509 660 1593 (v.
674 1505 735 1585 9.).
779 1502 914 1572 Saucia
931 1525 970 1568 eo
987 1503 1054 1571 dir.
1077 1505 1221 1593 sprritus
1242 1563 1243 1570 ,

113 1595 265 1675 habitat,
285 1595 320 1657 in
339 1615 403 1680 quo
419 1590 546 1666 Christi
560 1588 748 1665 mensinsit
761 1588 808 1669 (r.
829 1595 898 1657 uot.
914 1587 957 1654 ad
975 1611 1007 1658 r.
1026 1592 1108 1670 lut.
1152 1592 1221 1662 Sed
1341 1597 1350 1614 ⁸

13 1679 14 1734 Τ
114 1690 154 1745 ut
169 1677 200 1745 ci
216 1675 307 1766 δὲτὸ
322 1678 452 1760 πνεῦμρ
469 1677 529 1741 τοῦ
550 1671 737 1761 ἐγείραντος
753 1672 789 1739 Ἰ.
810 1671 836 1741 ἐ.
855 1698 902 1752 ν.,
932 1695 996 1740 uon
1019 1671 1050 1742 εἰ
1070 1677 1107 1742 δὲ
1127 1679 1222 1764 Χρι.

13 1793 14 1826 r
114 1761 197 1840 στός
220 1761 254 1832 ἒν
274 1766 353 1844 ὑμῖν
373 1764 444 1852 Ap.
467 1759 648 1840 scriberet,
679 1761 920 1844 argumentatio
949 1781 1046 1848 quam
1075 1762 1222 1834 initurus

13 1847 14 1930 l
115 1847 400 1936 eratpostularit.
439 1845 526 1912 Nam
543 1863 643 1932 quum
658 1865 723 1908 uon
738 1843 804 1909 uisi
819 1866 945 1928 eorum,
966 1846 1000 1909 in
1016 1846 1138 1932 quibus
1152 1848 1223 1921 civ.
1272 1909 1276 1930 ,
1370 1893 1372 1900 ,

13 1943 14 2028 J
116 1935 260 2025 spiritus
274 1934 458 2014 habitaret,
480 1951 620 2018 corpora
634 1950 653 1994 a
669 1929 745 1995 Deo
758 1931 817 2016 qui
837 1930 903 1996 sibi
924 1939 1076 1996 constare
1097 1934 1224 2006 soleret
1249 1997 1252 2001 .

489 1418 602 1486 lieieh.
640 1420 694 1486 oh.
714 1417 845 1502 4,2l.),
873 1416 933 1484 secl
954 1417 1009 1483 hic
1028 1439 1158 1520 quoque
1178 1423 1218 1488 roi

115 2023 151 2087 in
168 2021 271 2084 vitam
286 2018 422 2085 restitui
437 2017 632 2098 sumsisset,
656 2014 705 2080 ita
724 2015 887 2082 lectorum
906 2017 1102 2104 corporibus
1122 2019 1224 2107 vitam

116 2105 215 2174 reddi
224 2153 234 2187 ,
257 2105 337 2168 siin
352 2104 423 2169 illis
436 2099 698 2169 constantissimi
707 2100 855 2165 numinis
868 2125 885 2166 s
910 2102 1009 2167 iritus
1021 2101 1225 2174 domicilium

117 2189 550 2267 constituissetteouclusit.
599 2186 734 2273 Optimo
760 2186 861 2252 etiam
887 2123 952 2260 lio
981 2188 1226 2274 circumloquu-
1290 2244 1293 2253 s

13 2309 14 2314 ¹
117 2278 212 2345 tione
227 2299 311 2340 usus
327 2281 391 2358 ost,
407 2284 444 2341 ut
456 2271 516 2338 τοῦ
531 2268 718 2356 ἐγείραντος
728 2265 855 2356 Ἰησοῦν
870 2269 905 2336 ἐκ
918 2274 1039 2354 νεκρῶν
1052 2281 1086 2338 et
1102 2272 1120 2337 ὁ
1136 2271 1226 2364 ἐγεί..

117 2386 185 2449 ρας
196 2359 255 2426 τὸν
269 2364 336 2447 Χρ.
353 2357 379 2426 ἒ.
389 2383 421 2438 ,ν.
441 2359 568 2426 diceret
587 2362 686 2441 (Aoo.
705 2355 800 2437 3,15.
822 2357 1044 2439 5,3θ.13,37.
1064 2360 1177 2432 lCor.
1193 2367 1227 2448 6,
1307 2364 1316 2374 “

12 2485 13 2496 1
120 2449 183 2516 14.
196 2448 224 2511 2·
233 2447 312 2514 Cor.
323 2445 457 2528 4,14.),
483 2465 548 2510 non
569 2439 769 2530 simpliciter
786 2441 848 2508 τοῦ
867 2443 954 2510 &soi
973 2442 1042 2510 etri
1065 2439 1150 2524 θεός
1171 2471 1229 2515 ex.

12 2565 14 2622 η
120 2538 248 2600 araret.
298 2529 427 2618 Nempe
447 2529 668 2610 constantiae,
704 2548 789 2614 quac
808 2527 843 2593 iu
865 2527 939 2594 Deo
963 2529 1026 2610 sit,
1055 2532 1228 2620 cogitatio,

13 2701 14 2704 Ἴ
121 2619 281 2707 quoniam
298 2617 338 2681 esi
352 2614 594 2702 argumentatio
610 2613 748 2696 nititur,
768 2613 803 2678 iu
817 2614 977 2682 lectorum
997 2615 1118 2682 animis
1140 2621 1231 2686 exci-

121 2703 226 2772 tauola
243 2708 319 2768 erat
335 2703 384 2788 (r.
405 2701 521 2782 intra).
564 2699 668 2764 lieote
690 2708 799 2766 autem
822 2696 910 2784 quod
923 2699 1019 2766 Deus
1040 2701 1153 2791 aliquoi
1175 2728 1231 2772 ra,

119 2792 216 2858 tiore
231 2789 390 2853 motusic
404 2807 471 2856 uuo
485 2785 618 2864 lecerit,
640 2782 727 2850 idem
742 2783 778 2852 iu
793 2784 873 2852 aliis
888 2805 1019 2871 quoque
1035 2797 1129 2869 eum,
1150 2793 1232 2877 quia

122 2897 239 2944 secum
254 2876 329 2977 ipse
343 2871 533 2954 conveniat,
558 2869 673 2935 eadem
690 2869 821 2934 ratione
839 2869 1016 2936 adductum
1036 2872 1231 2943 effecturum
1253 2923 1255 2940 .

123 2983 202 3029 esse
221 2958 406 3026 existimes.
448 2954 506 3021 τὸν
519 2950 686 3043 Χριστόν]
714 2951 773 3019 τὸν
788 2949 946 3041 Ἰησοῦν
966 2956 1028 3024 Mt.
1050 2957 1083 3024 b.
1096 2959 1195 3030 Harl.
1210 2964 1232 3008 *i

124 3049 210 3134 Gyr.
223 3046 323 3112 Hier.
345 3043 494 3111 Tertull.
512 3039 554 3106 dc
575 3061 703 3108 resurr.
724 3061 753 3106 ο.
778 3060 808 3108 c.
829 3040 885 3110 35.
904 3041 1133 3115 Ambrosiast.
1152 3049 1158 3130 Ι
1176 3046 1235 3114 τὸν

126 3138 284 3218 Χριστον
301 3127 464 3216 Ἰησοῦν
480 3126 525 3195 Δ.
541 3126 586 3195 D.
601 3123 645 3168 *i*
660 3127 716 3194 31.
735 3125 791 3194 37.
808 3125 865 3195 47.
885 3127 940 3196 73.
962 3125 1009 3193 lt.
1027 3130 1073 3196 al.
1093 3131 1232 3204 Lacum.

127 3212 282 3301 Χριστὸν
299 3213 464 3300 [Ἰησοῦν].
514 3214 566 3279 At
580 3209 683 3294 cdd„
710 3231 795 3296 quos
816 3218 977 3298 sequutus
998 3223 1068 3296 est,
1095 3219 1236 3283 Articu-

126 3302 383 3370 lumooutincre
402 3288 568 3367 dicrmtu‘r.
628 3292 845 3382 qulg.l’P.
865 3299 926 3366 lat.
947 3297 1056 3368 lecum
1073 3301 1235 3370 Christum
1277 3299 1279 3309 '

176 3385 215 3454 G.
232 3380 271 3450 ἐκ
283 3383 405 3467 νεκρῶν
414 3377 542 3468 Ἰησοῦν
555 3377 706 3468 Χριστόν
724 3387 730 3468 Ι
747 3379 805 3447 τὸν
818 3377 932 3470 κύριον
945 3383 1007 3452 Mt.
1022 3407 1052 3456 o.
1068 3385 1101 3455 (l.
1109 3386 1234 3477 Chrys.
1279 3429 1281 3434 ·

176 3469 234 3535 τὸν
250 3460 472 3555 νύριονῆμῶν
491 3461 525 3532 Ἰ.
546 3470 612 3554 Χρ.
634 3467 714 3552 Syr.
737 3465 833 3554 Iup..
882 3467 1029 3538 Maxime
1049 3473 1158 3559 placet
1176 3475 1236 3541 τὸν

128 3553 309 3642 Ἰησοῦν,
342 3553 441 3617 lectio
464 3573 543 3616 sone
563 3553 720 3638 antiqua,
751 3551 818 3639 quai
846 3548 887 3624 P.
915 3559 1235 3640 argumentationem

134 3641 264 3708 acuerit
281 3636 466 3725 (praecedit
487 3635 574 3701 enim
591 3632 747 3724 Ἰησοῦν).
796 3635 848 3708 Cf.
873 3642 893 3708 l
914 3638 1038 3710 Thess.
1059 3645 1093 3724 4,
1102 3647 1155 3711 14.
1180 3647 1235 3718 15.

135 3806 217 3877 στὰν
233 3803 365 3894 Ἰησοῦν
369 3831 393 3886 ,·
409 3827 508 3895 quam
527 3807 704 3874 formulam
724 3807 781 3894 qui
799 3827 935 3892 prorsus
958 3809 1124 3880 damnavit
1138 3815 1237 3882 Gerr-

134 3893 259 3980 slorfioo
269 3893 371 3964 fficitt.
387 3911 438 3977 aar
450 3893 722 3978 &proterretur
735 3915 769 3980 p.
782 3893 838 3961 65.
852 3913 925 3980 οη,
951 3918 1022 3962 sam
1036 3899 1085 3966 sie
1102 3896 1247 3966 defendi
1285 3934 1289 3940 ·

136 4001 257 4076 posse,
277 3987 316 4048 ut
328 3975 479 4064 Χριστὸς
493 3977 621 4064 Ἰησοῦς
640 3979 743 4048 multo
767 3999 829 4046 usu
848 3979 882 4042 iu
904 4001 1001 4046 unum
1021 4005 1139 4052 uomeu
1160 4007 1238 4051 coa.

12 4121 14 4128 ,
136 4064 415 4144 tuissestatoas3
442 4064 697 4149 uoceogitavit.
746 4061 1236 4156 ct.s0pu.1’uiroct.v.415.
1328 4097 1331 4101 ·

12 4141 14 4286 η
89 4233 98 4244 ,

12 4345 14 4436 t

140 4143 373 4234 ὃύμντονητὸς
393 4141 582 4232 Σισύφου
601 4145 820 4233 Λαερτίου
837 4149 932 4216 etihi
947 4152 1074 4226 Herm..
1117 4155 1237 4244 Neque
1266 4195 1269 4204 ι

138 4232 201 4300 τὸν
215 4229 547 4316 Xa·²1·.0X00102‚6.
562 4233 634 4300 uiue
649 4231 836 4302 temeritate
850 4238 1014 4322 expellas.
1043 4239 1134 4324 Quid
1151 4265 1240 4325 vero,
1341 4250 1347 4270 ⁴

142 4319 320 4401 cressiaco
335 4319 529 4399 turbarunt,
551 4321 628 4411 qaia
644 4321 716 4405 Ap.
730 4318 770 4389 dc
785 4318 952 4392 industrii
967 4326 1098 4394 uomina
1121 4329 1240 4415 quibus
