2814 5056
619 1133 850 1194 CAP.1X..·.

507 1223 986 1330 ARGUMENTUMf

43 1441 47 1456 '
144 1449 151 1456 ‘
237 1434 337 1512 Magni
358 1459 401 1494 me
420 1422 527 1495 sris'tttit
547 1437 672 1493 affectum
692 1458 748 1491 esse
761 1449 787 1491 et
801 1446 932 1510 perpetuo
944 1436 1038 1490 dolore
1055 1441 1205 1510 compungi
1218 1460 1283 1495 cre·
1313 1458 1325 1476 κ

125 1527 128 1542 '
168 1511 224 1566 dite
243 1511 407 1566 sanctissime
425 1507 570 1568 allirmanti
589 1510 626 1572 (v.
648 1510 678 1562 1,
693 1509 738 1576 9.).
775 1507 912 1562 Nimirum
931 1513 1070 1576 optarem,
1096 1521 1125 1562 ut
1151 1512 1208 1584 ipse
1230 1531 1284 1580 ego

28 1619 31 1626 ,
97 1591 101 1597 '
168 1581 233 1646 diris
245 1581 360 1634 devotus
374 1599 389 1632 a
402 1577 511 1636 Christo
524 1577 666 1631 divellerer
688 1577 715 1628 in
735 1577 901 1633 ludaeorum
916 1575 1144 1650 emolumentum,
1163 1582 1284 1650 quibus-

168 1669 232 1706 cum
250 1646 462 1717 mihisanguinis
475 1647 599 1716 cognatio
620 1656 674 1713 est,
693 1665 777 1714 quum
792 1646 925 1700 lsraelitae
938 1645 990 1698 sint
1007 1645 1189 1720 hominesque
1202 1669 1284 1702 surn-

168 1719 221 1772 snis
243 1716 379 1772 beneficiis
398 1737 412 1771 a
432 1716 491 1768 Deo
512 1713 662 1782 nobilitati,
683 1715 707 1768 ,si
723 1711 782 1768 mesi
802 1726 875 1785 peste
891 1714 1002 1768 salutem
1018 1714 1049 1766 iis
1064 1736 1158 1786 parare
1172 1738 1281 1785 possem

169 1789 207 1855 (v.
222 1788 247 1841 8.
261 1805 297 1827 -’-
311 1788 363 1852 5.);
387 1787 434 1856 qui
446 1784 555 1838 Judaeis
575 1794 601 1836 et
614 1784 759 1855 gentilibus
773 1804 857 1854 aeque
878 1783 1009 1854 prospicit
1021 1781 1097 1838 Deus
1110 1791 1227 1856 propter'
1236 1788 1284 1843 illa

169 1857 198 1910 in
212 1855 429 1924 consanguineos
445 1871 521 1906 meos
534 1853 629 1906 collata
643 1853 771 1906 beneficia
787 1853 830 1924 pie
845 1853 998 1907 celebretur
1013 1855 1110 1920 (v·5.)!
1144 1857 1199 1910 Sed
1214 1874 1285 1925 pro-

169 1925 216 1980 cul
232 1925 307 1978 abest
327 1933 358 1976 ut
377 1923 436 1978 Dei
451 1925 574 1976 edictum
593 1923 626 1974 ad
647 1923 754 1976 irritum
771 1922 907 1976 ceciderit.
942 1924 1051 1991 Nempe
1063 1943 1120 1978 non
1137 1945 1234 1980 omnes
1248 1929 1284 1982 ab

169 1993 268 2047 lsraele
281 1993 333 2046 orti
352 1993 411 2046 Deo
425 1992 515 2061 judice
528 1990 662 2044 lsraelitae
678 2001 739 2044 sunt
752 1990 811 2060 jure
824 2002 851 2047 et
870 1990 1031 2064 privilegiis,
1049 2013 1137 2064 neque
1150 1996 1284 2064 quoniam

169 2063 276 2116 Israelis
297 2073 409 2132 nepotes
431 2057 576 2114 Abrahami
590 2061 690 2128 posteri
709 2071 789 2126 sunt,
805 2060 867 2113 ideo
884 2081 930 2112 eos
944 2079 1038 2114 omues
1053 2062 1199 2116 Abrabami
1211 2064 1285 2118 filios

169 2131 246 2186 Deus
258 2143 360 2185 censet.
395 2133 456 2182 Irno
469 2129 522 2183 hoc
534 2131 582 2183 Dei
596 2129 737 2182 oraculum
753 2129 781 2182 in
797 2128 895 2182 Genesi
910 2130 953 2198 21,
963 2131 1003 2184 12.
1018 2134 1196 2202 perscriptum
1210 2133 1283 2203 legi-

170 2210 232 2264 tur;
252 2217 318 2266 per
335 2201 504 2253 lenanu-m
516 2201 682 2250 Abrabnmu
696 2200 960 2262 posteritatem
980 2217 1038 2252 esse
1053 2203 1180 2255 domines
1191 2221 1285 2266 prue-

170 2269 302 2322 dicabunt
322 2271 357 2334 (v.
370 2269 463 2337 6.·7.),
494 2267 547 2320 boc
574 2276 614 2319 est
639 2285 696 2319 non
720 2269 867 2320 naturales
892 2269 1053 2322 Atranamt
1064 2271 1125 2338 filii
1139 2271 1210 2343 Dei,
1236 2273 1288 2340 qui

170 2340 239 2390 olim
256 2340 425 2402 tenduntur,
440 2338 501 2406 filii
515 2344 598 2404 sunt,
624 2339 674 2388 secl
690 2339 852 2401 nomines
875 2338 994 2390 diuini
1012 2340 1190 2402 promissi
1208 2345 1286 2395 uir·-

73 2453 84 2473 ,
136 2439 138 2444 ·
171 2415 311 2459 tute-et
336 2402 1286 2474 efficacitategeneratipro(beati)Abrcrltnmipost‚e·
1332 2417 1337 2424 '

111 2526 115 2534 ,
172 2471 704 2543 Ηιαίῑαῦεονιρυωηίιιτ(ν.8.).
740 2473 831 2542 Quam
850 2473 933 2527 divini
954 2475 1057 2546 oraculi
1078 2475 1296 2548 interpretatio-¹

170 2563 247 2598 nem·
258 2563 352 2598 veram
369 2562 427 2598 esse
448 2561 523 2596 exeo
538 2545 667 2610 emergit,
690 2543 761 2613 qnod
774 2546 803 2596 in
818 2543 902 2595 divini
914 2543 1041 2612 promissi
1058 2547 1214 2600 Abrabamo
1230 2549 1287 2602 dati

170 2609 290 2667 formulis
308 2612 421 2680 (Genes.
443 2612 542 2734 18310.
562 2609 615 2680 14.)
641 2613 774 2681 Sarae,
805 2625 872 2683 quae
899 2624 992 2668 contra
1020 2623 1131 2668 naturae
1156 2618 1287 2671 ordinem

97 2702 105 2707 ·
171 2681 196 2734 le
215 2701 314 2763 esuque
328 2681 423 2736 divinis
435 2700 466 2733 ro
489 2691 563 2734 orata
577 2680 679 2736 viribus
695 2681 816 2748 isaacum
830 2684 949 2753 peperit,
966 2701 1023 2735 non
1035 2682 1150 2754 llagari,
1167 2687 1286 2742 ancillae

170 2769 186 2806 a
218 2751 384 2824 pariendum
408 2750 632 2815 idoneae„.filius
653 2751 831 2804 annuntiatur
848 2753 893 2818 (v.
909 2751 957 2816 9.J.
991 2749 1055 2806 Non
1079 2753 1167 2806 solum
1192 2767 1286 2810 autem

171 2817 254 2874 Serae
270 2821 304 2873 de
324 2819 371 2873 lilii
392 2818 434 2872 sui
451 2813 562 2872 lortunal
579 2817 866 2872 divinnm¹oraculum
886 2821 978 2874 datum
998 2831 1054 2886 est,
1071 2821 1117 2874 sed
1131 2823 1212 2876 etiam
1229 2825 1288 2878 Re-

171 2889 274 2956 becca,
292 2907 355 2943 curn
378 2907 434 2941 uno
447 2890 538 2956 lsaaco
553 2889 695 2958 complexu
710 2906 827 2940 venereo
846 2888 953 2958 juncta,
972 2889 1049 2958 cujus
1061 2889 1122 2944 filiis
1137 2893 1239 2964 qnippe
1252 2895 1287 2948 ab

170 2956 280 3030 trasco,
303 2947 434 3014 virorem
456 2956 704 3010 Abrahamidarum
728 2957 903 3026 progenitore
924 2961 961 3025 (v.
975 2960 1001 3011 7.
1018 2960 1122 3026 -.9.),
1150 2965 1289 3032 generatis

174 3031 294 3080 eandem
307 3027 446 3082 fortunam
462 3025 620 3080 destinatam
632 3026 713 3078 luisse
729 3027 867 3091 crederes,
887 3027 920 3080 de
936 3025 1056 3081 liliorum
1071 3042 1143 3082 sorte
1157 3032 1288 3088 divinitus

173 3095 277 3150 monita
296 3106 336 3150 est
357 3097 397 3159 (v.
410 3097 476 3161 10.,l.
517 3093 649 3164 Quamvis
678 3088 752 3148 enim
773 3095 897 3150 nondum
923 3097 978 3150 nati
997 3109 1085 3150 essent
1103 3118 1193 3172 neque
1216 3105 1288 3156 bene

172 3167 277 3218 malere
300 3163 405 3232 meriti,
429 3167 520 3230 Deus,
545 3162 613 3234 quia·
634 3165 767 3216 iacobum
790 3177 909 3230 amaret,
933 3163 1139 3226 Esavum,odi0
1164 3169 1289 3232 haberet.

173 3232 291 3287 Esavum
306 3233 334 3285 in
346 3233 442 3288 iacobi
454 3232 583 3298 servitute
597 3232 657 3284 lore
671 3233 749 3285 matri
765 3233 842 3300 dixit,
865 3234 945 3304 idque
960 3235 1076 3301 eo‘srne,
1094 3247 1124 3290 ut
1138 3257 1177 3290 ex
1194 3243 1289 3294 homi·

173 3319 244 3355 num
256 3307 373 3359 delectu,
390 3318 447 3355 non
465 3305 532 3354 bene
537 3302 684 3369 suetorum
697 3303 856 3370 admonitu,
872 3307 922 3354 sed
935 3304 1079 3358 inur‘tantis
1088 3304 1146 3359 Dei
1154 3310 1290 3377 manutere,

167 3369 286 3440 suctum
301 3371 424 3424 nomines
441 3373 545 3424 beandi
560 3372 723 3436 eonsilium,
754 3376 830 3439 quod
852 3374 919 3424 olim
941 3374 972 3427 in
988 3373 1085 3428 Isanei
1097 3375 1215 3430 historia
1234 3383 1289 3433 de·

175 3441 311 3500 darnsset
330 3445 373 3502 (v.
385 3439 412 3493 7.
424 3468 459 3480 -
470 3440 509 3508 9.)
527 3457 676 3498 manere
693 3457 781 3508 neque
799 3443 834 3492 ub
851 3458 881 3493 se
898 3449 1059 3494 reuocatum
1078 3461 1137 3498 esse
1150 3464 1204 3512 per
1223 3469 1289 3502 am·

89 3521 91 3525 ’
175 3509 260 3579 bages
276 3510 359 3561 nobis
382 3509 538 3563 ostenderet
561 3509 596 3576 (v.
620 3509 783 3577 11.-·-13.).
822 3509 926 3580 [Quare
942 3509 1069 3567 felicitate
1087 3531 1134 3582 per
1147 3515 1289 3572 Christum
1307 3551 1330 3576 n

175 3574 252 3646 perti
271 3579 413 3647 potiuntur
434 3588 568 3660 quotquot
585 3575 660 3630 Deus
678 3578 855 3648 quoniamiis
876 3577 977 3632 faveret
991 3591 1020 3631 ut
1034 3591 1123 3646 essent
1141 3605 1191 3656 per
1205 3587 1290 3642 Chri.

152 3650 248 3700 ·st'ut'n
269 3647 338 3698 beati
358 3655 408 3716 p'ro
427 3649 540 3700 arbitrro
559 3646 679 3716 delegit]
716 3647 787 3700 Num
807 3649 888 3718 igitur
907 3647 1102 3716 justitia-Dens
1123 3652 1216 3718 =vacat,
1241 3658 1290 3729 qui

113 3775 118 3780 ,
175 3732 228 3786 pro
246 3715 359 3770 arbitrio
378 3731 427 3784 pet·
446 3715 584 3770 Christum
606 3717 665 3768 beet
684 3715 890 3786 quibuscunque
910 3719 980 3770 bene
1003 3721 1147 3789 cupierit?
1169 3724 1290 3779 Minime

175 3787 294 3852 ναοῦ.
311 3787 373 3855 tt).
408 3785 477 3838 Nam
496 3783 569 3838 Mosi
583 3784 680 3852 (Erod.
696 3785 803 3852 33,19.)
822 3786 901 3840 dicits
931 3787 1152 3849 misericorsero
1170 3795 1290 3863 quibus·

177 3873 287 3924 cunque
302 3874 357 3908 esse
368 3852 514 3924 placuerits
541 3873 596 3906 esse
610 3864 698 3906 autem
712 3853 848 3909 felicitatis
863 3856 1009 3909 messianae
1030 3857 1205 3928 largitionem
1220 3885 1292 3934 rem,

177 3927 235 3994 qut
259 3921 335 3977 Deus
357 3935 383 3978 te
405 3941 458 3990 pro
481 3923 534 3975 sud
558 3923 750 3976 misericorditi
775 3933 802 3976 et
826 3923 998 3992 benignitate
1022 3937 1131 3998 augeat,
1152 3923 1227 3998 patet
1246 3935 1290 4002 (v.

178 3992 244 4060 m).
279 3993 384 4064 ltaque
403 4011 466 4060 ergo
490 4009 547 4044 non
570 3994 602 4044 ab
633 4001 742 4061 optante
764 4001 810 4045 aut
834 3993 1015 4049 contendente
1036 3996 1165 4066 bomine,
1198 4002 1246 4055 sed
1276 4023 1291 4057 a

177 4067 382 4114 miserante
405 4063 470 4116 Deo
492 4059 628 4114 felicitatis
654 4059 802 4114 messianae
828 4062 934 4134 adeptio
952 4065 1052 4131 pendet
1068 4067 1105 4134 (v.
1125 4070 1192 4136 tn).
1227 4071 1291 4126 Hoc

70 4151 81 4162 ·
176 4151 206 4184 ex
232 4149 265 4182 eo
288 4140 410 4199 apparet,
457 4130 512 4183 uod
530 4128 678 4197 homines„
690 4149 812 4254 quorum
829 4131 917 4184 Deum
937 4149 993 4184 nnn
1012 4135 1162 4204 misereat,
1189 4149 1291 4194 contu.

177 4218 267 4271 maces
291 4198 383 4253 Deum
407 4151 536 4266 reluere,
568 4218 602 4251 ne
620 4213 668 4266 per
714 4201 825 4254 hristum
851 4201 921 4266 beati
939 4199 1023 4273 liant,
1047 4203 1138 4258 Codex
1156 4226 1234 4263 sacer
1256 4232 1290 4265 eo

70 3347 99 3394 ll

101 4297 104 4314 ι
178 4269 241 4322 loco
268 4269 362 4335 docet,
390 4287 444 4340 quo
469 4269 588 4322 divinam
612 4269 728 4336 aliquam
757 4289 854 4323 vocem
872 4270 1006 4325 Pharaoni
1033 4273 1132 4327 dictam
1151 4275 1248 4344 (Exod.
1263 4283 1291 4343 9,
1383 4288 1389 4312 ¹

95 4347 98 4356 ’
179 4340 233 4403 16.)
253 4337 479 4407 refert(V·17.).
515 4337 609 4409 ltaque
626 4357 691 4409 ergo
710 4337 924 4392 misericordiam
944 4337 1019 4393 Dens
1038 4339 1148 4408 tribuit,
1175 4349 1291 4402 messia.
1371 4377 1375 4390 ι

115 4419 138 4492 Ι·
171 4427 243 4463 ¹narn
267 4407 423 4464 beetltatem
439 4405 646 4481 impertiendo,
675 4407 773 4494 quibus
791 4409 911 4464 tribuere
930 4409 1178 4487 vult(cl.v315.),
1205 4436 1292 4490 quem
