2814 5056
230 333 237 360 =
340 385 344 390 ,
369 293 638 402 9191111.
669 331 737 398 vs.
757 332 819 400 aa.
842 338 876 400 a
898 331 971 403 31..
1110 280 1114 300 ’
1163 296 1254 405 ars

108 495 145 554 et
174 487 445 576 qneanhristns
481 485 583 580 judex
619 509 648 554 a¹
668 489 740 556 Deo
767 490 971 556 constitutus
992 493 1072 560 Act.
1095 495 1147 575 17,
1166 495 1221 565 31.
1245 559 1246 566 ,

107 573 279 652 aonio,
300 575 351 640 10.
374 573 504 658 publice
528 575 690 640 insontem
719 597 793 642 esse
820 575 1075 650 declaraverit*
1101 576 1222 686 ltamro

108 657 151 728 P.
182 659 337 747 partibus
363 659 451 723 inter
478 657 619 740 Deum,
641 658 701 745 τῆς
726 655 941 746 δικαιοσύνης
956 666 1026 728 ,καὶ
1054 684 1222 750 carnosos

107 751 298 833 auctorem,
327 753 361 809 et
381 743 569 826 Christum,
593 741 726 812 divinari
745 747 928 812 sententiae
942 768 1137 836 praeconem
1150 747 1220 814 dis-

107 827 269 910 tributis,
307 829 494 895 bominibus
517 852 535 892 a
558 829 630 894 Deo
653 829 790 896 delectis
810 841 978 898 aeternam
996 833 1099 899 vitam
1118 853 1137 897 a
1160 854 1220 899 ne·
1345 877 1351 884 -

106 915 197 980 mine
210 913 297 1003 eripi
311 934 411 1002 posse
425 915 485 1000 (91.
500 936 532 984 1.
547 915 601 982 29.
618 923 651 981 et
665 915 735 998 311.)
749 917 882 1001 egregie
903 917 953 983 sic
972 917 1084 984 docet:
1103 919 1220 1006 ecquis

105 1021 183 1083 eos,
205 1000 448 1089 dtpsccatores
461 1000 595 1066 aeternat
613 1000 678 1065 riti
694 1000 865 1084 indignos,
886 995 1094 1103 postulabit?
1121 1002 1218 1071 Deus
1281 1003 1283 1020 '

103 1085 137 1150 is
165 1091 239 1168 est,
275 1085 332 1172 qui
360 1106 420 1154 eos
448 1085 600 1152 absolvat
632 1085 740 1187 iisque
776 1087 1003 1172 integritatem
1038 1085 1218 1160 ad'udicet.

75 1237 78 1244 ,
100 1170 231 1258 ‘Ecquis
244 1179 323 1251 est,·
337 1171 394 1258 qui
409 1191 467 1236 eos
479 1169 697 1257 (insollemnr
710 1169 855 1261 judicio)
868 1105 1092 1242 condemned
1118 1173 1217 1240 Cbri·
1289 1225 1294 1250 ,

103 1255 375 1340 stus(hominum
385 1256 503 1344 judex)
516 1266 548 1321 et
565 1255 642 1320 oiim
664 1277 723 1322 eos
747 1257 870 1322 amavit
890 1264 925 1323 et
945 1279 1030 1325 rrunc
1052 1259 1096 1325 iis
1114 1257 1216 1330 iavet.

101 1339 310 1426 (indemnati
323 1340 427 1426 igitur
441 1348 539 1406 erunt
554 1339 588 1404 in
606 1341 758 1406 sollemni
770 1340 899 1432 judicio
911 1353 1026 1431 'nequo
1047 1342 1135 1416 enin
1151 1365 1216 1414 eos

102 1427 261 1505 Christus
274 1426 444 1490 damnabit
459 1448 543 1513 qtros
557 1425 710 1510 tingit).
745 1425 993 1510 inconsiderate
1002 1427 1121 1498 Boethi
1136 1427 1215 1494 st‘rb-⁸
1245 1445 1254 1497 Γ

19 1587 20 1592 ¹
100 1512 209 1577 tiliter
225 1510 450 1597 quaerendum¹
461 1517 653 1594 essenegat,
672 1515 731 1616 qui
745 1512 875 1596 singula
887 1511 1217 1600 9111111119Χρισιὸς

19 1595 20 1608 ¹
102 1589 339 1669 ὃᾶπιιέὶανών,
356 1596 542 1676 ,μᾶλλονδὲ
568 1595 654 1680 [καὶ]
677 1600 828 1677 εγερθεὶς
844 1605 909 1666 etc.
931 1619 995 1663 non
1017 1598 1213 1663 condemna-

101 1691 168 1746 tnnt
185 1680 220 1744 in
237 1677 385 1752 homines
399 1703 416 1743 a
436 1681 508 1744 Deo
523 1679 669 1744 delectos
685 1683 909 1767 comprobent.
951 1679 1111 1748 Absurde
1126 1685 1213 1750 enirn
1292 1759 1293 1767 ,

101 1767 171 1854 Ap.
187 1766 405 1850 garrivisset,
441 1767 471 1830 si
495 1767 651 1829 nerninem
670 1767 740 1850 pios
760 1766 961 1833 Christianos
981 1769 1212 1836 damnaturum

18 1855 20 1894 '³
100 1873 166 1916 erre
180 1852 385 1939 probaturus
398 1872 452 1918 res
470 1859 703 1931 memorasset,
725 1873 809 1938 quae
831 1853 1026 1917 sententiam
1049 1873 1133 1940 qnae
1152 1851 1211 1919 de·

100 1935 314 2012 monstranda
329 1945 419 2002 esset
433 1957 497 2002 non
511 1933 747 2002 ostenderent(
782 1935 895 2020 Vulgo
910 1936 1037 2004 Christi
1061 1945 1211 2018 mortem,

102 2023 175 2108 quia
189 2031 325 2110 peecata
341 2028 454 2089 nostra
472 2021 510 2086 esi
525 2021 655 2107 expiata
673 2019 758 2101 sint,
777 2021 922 2088 reditum
937 2015 971 2086 in
987 2026 1104 2103 vitam,
1127 2044 1210 2108 quo·
1277 2075 1282 2082 .
1316 2046 1336 2058 ”

101 2108 186 2170 niam
217 2105 446 2172 is'Christum
476 2105 642 2207 piacidum
676 2127 807 2170 caesum
837 2126 912 2171 esse
942 2117 1138 2190 argumento
1164 2108 1210 2174 'sit
1277 2149 1289 2164 ι

98 2193 227 2276 (nti.)
240 2201 490 2276 commemorari
504 2195 655 2255 statuunt
666 2191 819 2272 (doech,
833 2191 1064 2274 ratramne,
1080 2191 1209 2274 Meyer.

20 2347 21 2354 ,
99 2277 170 2360 ah).
217 2277 276 2342 Sic
291 2277 354 2340 dero
373 2275 410 2343 P.
426 2283 618 2360 argumenta
634 2275 786 2353 afferret,
813 2297 898 2362 quae
915 2276 1121 2342 indemnatos
1136 2278 1208 2344 fore
1253 2279 1255 2286 ⁴
1301 2273 1335 2320 Ὺ

121 2363 170 2426 ios
200 2361 413 2430 Christianos
441 2360 670 2441 ostenderent,
713 2361 872 2425 scelerum
899 2362 1119 2449 expiationem
1147 2382 1208 2449 pr

20 2511 21 2514 ,
100 2383 269 2513 Christum
284 2447 433 2512 effectam
449 2455 482 2510 et
496 2445 623 2513 Christi
639 2444 680 2530 ad
704 2467 860 2510 summam
885 2453 1082 2533 potestatem
1103 2447 1209 2513 evecti
1269 2519 1271 2529 ¹

96 2533 254 2600 favorem.
287 2531 654 2598 'Mihisecusvidetun
697 2528 783 2594 Nam
807 2531 900 2617 prius
924 2538 1153 2614 argumentum
1174 2533 1208 2597 ri

20 2691 21 2708 χ
98 2617 292 2682 destitutum
314 2629 366 2692 est
391 2611 587 2704 pro'pterea,
603 2613 703 2702 quod
730 2616 917 2704 quicunque
946 2617 1075 2684 Christi
1101 2619 1208 2684 sacris

99 2703 265 2790 susceptis
282 2703 422 2768 sceleste
443 2701 601 2780 riserint,
629 2701 708 2764 licet
727 2720 839 2764 eorum
862 2711 1090 2787 peccatorum,
1121 2719 1228 2788 quaa'
1347 2718 1348 2726 ’

98 2789 289 2874 priusquam
320 2786 503 2852 Christiani
532 2786 611 2849 iacti
640 2795 752 2848 essent
777 2785 1036 2867 commisissent,
1077 2787 1206 2852 veniant

99 2873 225 2940 Christi
244 2883 347 2937 morte
363 2873 449 2936 nacti
472 2872 614 2949 fuerint,
642 2870 885 2934 damnabuntur
907 2871 983 2938 Gai.
997 2874 1029 2950 6,
1044 2873 1097 2951 8.,
1118 2870 1146 2935 Ε
1172 2873 1204 2939 h.

21 2949 22 2976 ³
99 2959 128 3039 5,
143 2961 189 3029 5..
237 2956 369 3022 Deinde
383 2964 416 3022 v.‘
426 2956 555 3036 μᾶλλον
571 2954 607 3020 δὲ
623 2956 708 3038 [καὶ]
722 2951 882 3041 symae-ig,
903 2943 942 3031 ‘dc
955 2953 1046 3021 ἔστιν
1060 2954 1094 3022 ἐν
1109 2893 1205 3046 δεξιᾷ

97 3066 126 3108 ι.
139 3047 175 3108 d.
194 3065 236 3107 eo
249 3039 388 3107 consilio
401 3041 529 3131 adjecta
543 3059 617 3105 esse
636 3040 762 3122 elucet,
790 3045 826 3104 ut
844 3040 1023 3106 transitum
1046 3050 1206 3130 pararent

20 3191 21 3199 ,
99 3128 227 3194 adrem
248 3129 359 3202 inheic
380 3125 605 3210 disputatione
628 3123 737 3208 praeci
764 3146 856 3190 uam:
884 3115 923 3202 iic
945 3126 1000 3190 καί
1018 3119 1205 3210 ἐντυγχάνει
1310 3188 1313 3206 ,

20 3227 21 3232 ’
98 3207 179 3298 ὑπὲρ
197 3213 302 3299 ἡμῶν.
346 3210 464 3297 itaque
487 3209 721 3289 verminitica
741 3147 777 3274 ds*
797 3211 881 3296 [καὶ]
904 3205 1057 3309 ἐγερθείς
1077 3231 1148 3274 eum
1172 3233 1203 3282 v.

100 3297 246 3382 Χριστὸς
263 3291 282 3362 ὃ
302 3293 483 3365 ἀποθανών
504 3297 549 3360 ita
570 3295 767 3374 cohaerere,
797 3303 832 3359 nt
853 3316 951 3361 uawrrm
974 3301 1203 3378 argumentum

99 3383 289 3462 absolvant,
317 3393 495 3468 nequeunt.
551 3377 696 3444 Possunt
718 3379 816 3444 etiam
837 3381 954 3464 1.Χρ.
977 3377 995 3444 ὃ
1020 3376 1204 3445 duodennio

97 3469 198 3533 nimis.
225 3467 312 3535 nuda
344 3467 466 3547 videri,
504 3465 624 3553 quibus
646 3462 830 3528 addendum
852 3465 955 3552 fuerit
974 3455 1062 3549 ὑπὲρ
1083 3462 1203 3531 αὐτῶν.
1259 3469 1299 3560 ‘'ss,

97 3549 165 3618 lmo
179 3553 310 3620 Christi
333 3573 421 3616 mors
441 3573 502 3639 pro
523 3549 657 3630 sumini,
683 3569 748 3634 quo
767 3548 922 3615 Christus
944 3571 1004 3640 rios
1030 3551 1203 3637 amplexus

95 3638 213 3720 fuerit,
237 3638 360 3704 amoris
374 3637 567 3702 decremento
579 3637 852 3702 commemoratur
872 3633 964 3718 (Iob.
983 3633 1034 3712 15,
1048 3635 1100 3701 13.
1124 3633 1202 3710 Gal.
1264 3638 1266 3642 ’

97 3723 213 3807 2,20.)
235 3723 381 3810 dicitque
404 3719 445 3789 P.
468 3721 616 3792 homines
636 3741 654 3782 a
677 3718 751 3785 Deo
777 3718 922 3785 delectos
943 3717 1102 3783 neminem
1124 3735 1203 3785 con·
1237 3749 1239 3757 1

97 3807 324 3874 demnaturnm
344 3829 436 3888 esse,
465 3807 617 3892 quoniam
633 3804 788 3872 Christus
808 3807 934 3890 (eorum
943 3802 1061 3892 judex)
1072 3811 1106 3867 et
1120 3806 1199 3870 olim

18 3949 19 3956 ,
99 3915 152 3960 eos
176 3897 328 3982 impense
346 3893 524 3972 rimaverit,
550 3912 648 3978 quum
673 3911 735 3980 pro
763 3887 806 3954 iis
833 3898 969 3955 mortem
992 3885 1133 3970 adierit,
1167 3895 1203 3954 et

99 3999 179 4044 nunc
196 3983 240 4044 iis
254 3981 378 4058 faveat,
401 3987 576 4064 postquam
592 3975 871 4062 vitam‘receperit
891 3983 925 4038 et
938 3995 1095 4039 summam
1112 3975 1201 4063 apud
1315 4042 1321 4048 ,
1386 4039 1388 4044 ,

99 4062 203 4130 Deum
228 4066 459 4128 arroteritatern
475 4065 613 4149 adeptus
627 4059 683 4128 sit.
706 4056 869 4146 Χριστὸς]
885 4054 1201 4144 ΧριστὸςἸησοῦς
1325 4142 1326 4148 ¹

99 4151 190 4218 A.C.
206 4151 248 4220 F.
258 4152 300 4216 G.
314 4145 423 4225 1231.
446 4148 542 4235 Ceph
560 4144 661 4230 V'alg.
671 4148 733 4226 91,
750 4144 837 4232 quod
855 4145 933 4208 mihi
948 4163 1063 4229 parum
1079 4146 1200 4230 piacet.
1306 4177 1365 4196 «ι-

100 4233 255 4320 Vulgata¹
269 4235 369 4299 lectio
392 4232 423 4296 in
446 4235 488 4312 1.,
518 4231 573 4296 ubi
606 4250 730 4294 summa
759 4231 862 4298 aainri
882 4227 1058 4293 concitatio
1082 4241 1200 4316 exoro·

101 4322 211 4405 mitur,
225 4323 387 4387 brevitate
402 4318 658 4408 commendatur.
679 4314 732 4383 Cf.
747 4312 845 4392 θεὸς
859 4308 878 4381 ὃ
894 4313 1041 4380 δικαιῶν.
1065 4313 1200 4406 boehm.
