2806 5054
131 381 134 384 ·
205 373 248 437 aa
319 343 324 350 '
385 329 1079 440 emeramnuao'uuuos

206 528 302 619 diepa
327 531 455 614 λαβεῖν,
483 521 548 616 ιὂῆ
556 535 573 594 ν
590 528 629 596 τὸ
651 525 846 615 κεφάλαιον.
889 529 995 598 Habr.
1014 532 1048 612 8,
1071 533 1101 596 l.
1124 525 1312 617 κεφάλαιον

146 651 148 659 .
205 611 265 682 ode
281 616 339 700 ἐπὶ
354 614 645 702 catalaunense,
667 615 822 680 τοιοῦτον
836 611 987 698 ἔχομεν
1003 615 1172 700 ἀρχιερέα,
1196 609 1234 690 ‘da
1245 653 1308 678 -.

32 700 34 708 ’
203 701 257 770 cf.
278 701 458 788 l'plupltium
479 700 521 766 ad
546 702 626 770 Eur.
646 699 737 766 Med.
757 700 834 783 ὄξει).
855 712 889 766 et
906 702 947 778 ad
962 702 1047 790 Heu.
1065 702 1160 768 1168.
1205 701 1310 765 llecte

202 787 388 875 appositio,
418 793 456 853 nt
475 807 559 875 quae
580 786 809 870 cogitationem
833 809 911 874 prae
932 789 1055 852 ceteris
1073 785 1308 853 enuntiandam

202 874 386 953 contineat,
412 871 592 958 periodum
610 871 712 946 ducit.
764 870 851 936 Nam
877 873 907 936 si
927 872 1036 938 diviua
1060 874 1112 938 lex
1135 869 1309 936 Peccatum

203 957 418 1024 condemnare
445 949 645 1046 ροίιιίεεεῐ,Ι
661 957 734 1022 sine
764 957 882 1022 idoucd
904 959 1001 1022 causti
1022 958 1117 1022 Deus
1137 956 1310 1023 Christum
1395 1033 1396 1040 ρ

47 1077 60 1095 >·
174 1060 178 1064 “
203 1044 364 1121 misisset,
386 1044 444 1128 qui
459 1041 634 1109 Peccatum
650 1041 832 1110 damnaret.
876 1039 998 1106 Parum
1015 1055 1126 1130 alitum
1143 1065 1217 1106 esse
1235 1064 1311 1105 ver·

149 1169 157 1214 g
202 1129 318 1194 borum
340 1129 511 1207 ordinem,
539 1129 616 1214 quia
630 1127 778 1192 dubitari
792 1129 920 1214 possit,
938 1137 1047 1214 ulturum
1064 1151 1151 1194 roec.
1166 1122 1207 1191 ad
1221 1124 1311 1193 <idd-

201 1211 378 1295 ναεοννοῦ
399 1211 502 1295 νόμον
524 1216 565 1279 ad
587 1205 675 1300 uslai
695 1207 795 1296 θεός)
815 1209 1041 1296 κατέκρινε
1062 1210 1134 1298 τὴν
1151 1205 1307 1298 Ἀμαρ-

141 1385 147 1400 .
201 1304 311 1384 tica,
334 1299 527 1394 anadeth
549 1300 648 1393 θεός)
668 1303 890 1392 κατέκρινε
924 1297 1237 1393 τῆνἍμαρτίαν
1261 1303 1311 1374 it>

199 1416 252 1503 τῆ
274 1401 415 1500 σαρκί
437 1408 610 1503 referenda
640 1410 708 1474 siut
737 1410 821 1473 male
840 1410 952 1478 aeica.
980 1410 1169 1490 contendit,
1206 1429 1309 1494 quum

188 1505 282 1575 ¹'illud
298 1525 408 1570 rerum
425 1522 499 1568 esse
514 1523 592 1567 sana
609 1504 696 1566 ratio
711 1500 838 1568 doceat.
882 1499 930 1566 Ut
946 1501 1094 1566 hemines
1110 1523 1137 1576 a,
1148 1499 1311 1565 Peccatus

200 1601 235 1658 et
260 1589 378 1654 Mortis
405 1590 479 1670 lege
507 1588 750 1667 liberarentur,
786 1595 953 1673 utcunque
982 1586 1203 1652 conficiendus
1232 1592 1311 1648 erat

167 1673 171 1684 ’
203 1677 381 1756 Peccatus‚
417 1693 482 1738 non
508 1692 572 1758 quc
601 1672 696 1738 rnodc
724 1693 797 1736 euru
820 1670 975 1738 Christus
999 1680 1114 1760 postea
1137 1672 1311 1736 interemit

200 1761 377 1829 necandus.
422 1757 465 1822 Et
480 1759 534 1823 lex
552 1757 683 1843 qrridem
700 1777 802 1838 mos.,
825 1757 855 1822 si
868 1765 992 1822 tautam
1007 1781 1074 1823 rem
1092 1758 1227 1842 exsequi
1245 1779 1309 1845 po·
1337 1825 1343 1834 ,
1373 1809 1385 1834 „

200 1850 339 1925 tuisset‚
368 1845 414 1920 ita
434 1844 529 1908 illum
544 1843 758 1917 coniecisset,
782 1851 818 1907 ut
836 1844 999 1920 homines,
1020 1865 1061 1910 ne
1076 1841 1231 1908 Peccatui
1248 1843 1310 1906 ob·
1395 1869 1396 1874 ¹

133 1991 134 1996 ,
202 1957 237 1998 sc
264 1939 443 2022 narentur,
479 1930 666 2016 praeceptis
689 1933 723 1994 et
743 1927 931 2019 interdictis
951 1930 1311 2028 perprrlisaet(7,7.).
1385 1965 1389 1970 ·

199 1956 268 2086 seb
292 2037 390 2104 quum
416 2013 501 2097 legis
526 2035 609 2082 mos.
631 2012 803 2078 interdicta
819 2020 970 2100 ‘eorporis
989 2016 1082 2095 ectio,
1104 2016 1139 2077 in
1161 2035 1227 2100 quo
1246 2015 1310 2077 im-

185 2125 304 2194 purus
324 2101 462 2164 daemon
481 2097 548 2165 div.
563 2098 751 2186 praeceptis
767 2101 889 2163 abusus
904 2121 1024 2184 pravas
1039 2097 1239 2186 cupiditates
1255 2100 1310 2163 in-

198 2192 419 2264 flammasset,
446 2181 605 2249 Peccatus
627 2207 707 2270 opes
729 2185 826 2248 etiarn
843 2187 1034 2264 erexissent,
1055 2185 1249 2264 annualiter,
1272 2192 1310 2248 ut

141 2297 143 2302 ·
200 2297 254 2341 res
272 2295 331 2358 per
351 2273 450 2354 lepem
471 2291 551 2334 neos.
574 2273 608 2333 iu
623 2268 735 2354 maejus
746 2271 917 2344 discrimen
929 2271 1069 2334 addicata
1084 2271 1307 2352 expediretur,

200 2359 287 2452 quod
310 2354 469 2420 Peccatus
493 2377 511 2418 e
532 2355 605 2436 lege
622 2377 703 2418 rnos.
720 2353 821 2416 robur
836 2361 952 2418 nactus
967 2363 1075 2432 esset,
1097 2355 1172 2417 tolli
1184 2355 1310 2440 potuit,
1395 2421 1396 2424 Ἴ

188 2445 265 2510 nisi
281 2441 450 2530 improbus
466 2438 603 2504 daemon
618 2438 857 2525 perChristum
872 2440 904 2504 iu
920 2458 1049 2522 corpore
1065 2447 1219 2526 tanquam
1234 2439 1310 2504 neci
1343 2467 1353 2480 ·
1395 2465 1396 2472 ¹

196 2529 352 2607 daretur,
379 2545 420 2588 ne
440 2525 531 2610 turpi
554 2525 704 2612 corporis
726 2523 851 2602 incolat,
883 2524 986 2610 quiid
1003 2524 1035 2587 in
1052 2525 1116 2592 div.
1134 2529 1310 2610 legemur·
1395 2585 1396 2588 ,

198 2620 338 2692 massot,
367 2609 531 2674 exstincto
554 2631 675 2696 corpus
699 2631 798 2716 porro
819 2621 852 2674 et
871 2610 947 2673 lleo.
965 2609 1172 2682 obniteretur
1192 2618 1226 2674 et
1249 2611 1310 2674 ho·
1395 2667 1396 2676 ,

198 2695 342 2764 latiaribus
360 2695 477 2760 christ.
493 2703 627 2760 noceret
642 2700 688 2781 (v.
704 2696 817 2778 intra).
852 2697 885 2760 Λ
914 2697 1110 2788 positionem
1129 2696 1169 2758 iis
1184 2694 1311 2776 verbis,

198 2785 344 2872 adquae
366 2781 568 2866 pertineret,
598 2783 673 2868 Ap..
688 2781 835 2870 proxime
854 2801 870 2841 a
899 2783 1073 2864 movisset,
1087 2781 1129 2844 *si
1154 2779 1309 2848 noctan-
1395 2819 1396 2824 κ

197 2867 365 2936 tumrnodu
388 2867 497 2930 dicere
520 2867 698 2939 rrcluisset:
727 2887 823 2952 quam
841 2887 908 2930 rem
926 2867 978 2930 lex
995 2875 1079 2932 rues.
1096 2865 1226 2929 ellicere
1242 2888 1310 2930 non

197 2955 383 3045 potuisset,
411 2973 481 3014 eam
508 2951 615 3015 Deum
636 2949 766 3018 Christi
789 2953 975 3016 interventu
999 2951 1168 3018 effecisse:
1190 2949 1228 3034 pb
1244 2951 1312 3038 γὰρ
1395 3007 1396 3014 ε

135 3100 139 3110 .
197 3034 360 3108 ἀδύνατόν
372 3035 433 3100 ταῦ
446 3033 550 3115 νόμου
564 3035 753 3119 κατέκρινεν
768 3031 785 3098 ὃ
803 3035 885 3110 θεὸς
897 3031 1142 3120 τὴνἉμαρτίαν
1152 3031 1311 3102 τὸνῑὲαυ-

141 3159 151 3170 ε
197 3120 346 3192 rodaldo
360 3119 559 3204 aspectoris.
576 3113 595 3186 d
609 3119 692 3198 baba
704 3122 783 3206 γὰρ,
806 3115 1020 3186 occideretur
1034 3121 1096 3186 τοῦ
1110 3114 1224 3203 νόμον,
1240 3147 1307 3185 κα-

196 3211 325 3296 τέκρινε
339 3198 589 3294 τὴνἎμαρνίαν
607 3204 665 3268 τὸν
685 3197 808 3270 ἑαυτοῦ
827 3199 900 3269 trihu
914 3203 1099 3292 νεέμψας.)ἔ
1124 3204 1309 3294 Sed'quum
1395 3245 1396 3248 ¹

196 3296 308 3362 Deum
330 3291 458 3360 Christi
483 3283 582 3377 operti
607 3285 781 3353 Peccatum
809 3291 854 3353 ita
876 3291 1073 3370 sustulisse,
1109 3299 1146 3354 ut
1166 3315 1203 3355 ea
1234 3291 1311 3382 ipsa

197 3401 255 3446 ree
283 3377 493 3453 aboleretur,
521 3395 618 3460 quam
639 3371 800 3438 Peccatus
827 3375 915 3439 vires
942 3376 1023 3440 mire
1046 3386 1219 3460 augentem
1250 3380 1306 3443 lex

198 3487 282 3532 reos.
306 3459 502 3549 perdomare
524 3480 591 3523 non
607 3458 788 3546 potuisset,
810 3463 882 3547 Ap.
905 3461 938 3528 h.
953 3461 979 3528 l.
996 3462 1123 3526 reterre
1141 3462 1307 3528 decrevis-

198 3560 262 3632 set,
276 3572 317 3614 ue
332 3542 587 3636 potuitquidem
602 3545 700 3608 aliter
712 3545 809 3614 verita
825 3545 991 3626 ordinare,
1015 3569 1112 3633 quarn
1126 3548 1310 3635 disposuit.

194 3637 256 3702 ,Sic
277 3634 362 3701 enim
377 3632 484 3720 primu
500 3651 585 3716 qarae
604 3651 659 3693 res
677 3628 782 3693 illusis
801 3632 905 3713 legem
927 3631 1126 3700 imbecillam
1143 3633 1309 3699 reddidis-

198 3728 253 3790 set
280 3719 402 3784 efferre
425 3715 540 3779 debuit
558 3721 678 3800 (quare
698 3715 809 3778 verbis
830 3718 860 3779 iu
883 3717 1012 3803 periodi
1038 3718 1134 3783 iuitio
1155 3719 1307 3784 locandis

198 3803 238 3873 cd
263 3801 325 3889 γὰρ
339 3795 501 3865 ἀδύνατον
512 3799 573 3864 τοῦ
587 3797 692 3879 νόμον
709 3799 790 3863 haee
806 3802 946 3892 subjecit
968 3800 1002 3867 ἒν
1025 3791 1051 3888 ᾧ
1075 3802 1211 3891 ἠσθένει
1234 3800 1307 3870 διὰ

93 3885 96 3898 ’
197 3917 244 3978 ep
253 3914 270 3968 ς
285 3909 360 3975 σαρ
372 3882 419 3948 ad
425 3889 475 3966 ς),·
498 3883 691 3970 deindeque
708 3883 802 3948 Deus
818 3885 884 3950 loco
901 3885 1073 3952 Peccatum
1092 3887 1307 3955 condemnas-

197 3987 251 4042 eet
271 3971 514 4042 memorandum
536 3978 608 4034 erat
628 3967 729 4055 (unde
757 3969 790 4034 ἐν
806 3967 847 4056 τῇ
862 3972 961 4054 σαρκί
973 3981 1049 4061 post
1062 3974 1233 4060 κατέκρινε
1247 3973 1308 4059 τὴν

157 4065 158 4068 ’
190 4054 1309 4146 Ἆριαρείαναύ]ἰαῐάεὴαίί);ροεεεεηιοίῐαΟὴεὶεῐαιηάἰνίηὴιιεναῖε-

198 4171 270 4214 sum
292 4166 366 4210 esse
387 4139 558 4204 dicendum
580 4145 670 4220 erat,
691 4147 730 4204 ut
742 4161 803 4228 pen·
823 4160 897 4205 cnm
913 4143 1084 4209 Peccatum
1099 4140 1132 4207 ἐν
1147 4141 1190 4228 τῇ
1206 4143 1309 4230 σαρκί

198 4239 349 4303 necatum
371 4247 446 4300 essa
468 4225 616 4289 hemines
634 4224 735 4290 fateri
756 4235 954 4309 cogerentur
977 4230 1105 4315 (itaque
1122 4249 1186 4296 nou
1202 4229 1308 4294 solie-

112 4382 118 4388 ,
199 4320 315 4380 cecant
336 4310 439 4378 mehr
458 4305 580 4375 ἑαυτοῦ
593 4305 666 4374 υἱὸν
680 4309 838 4394 πέμψας,
862 4311 921 4376 sed
938 4313 1015 4376 haec
1030 4312 1178 4380 addenda
1193 4323 1309 4382 eraut:
1367 4327 1372 4334 “

199 4401 235 4468 ἐν
257 4393 448 4483 ὁμοιώματι
469 4393 594 4483 σαρκὸς
611 4389 793 4485 Ἅμαρτίας
813 4399 869 4466 καὶ
890 4391 1185 4486 περὶἎμαρνιάς).
1229 4402 1307 4469 Νοα
1395 4449 1396 4454 ,
