<?xml version="1.0" encoding="UTF-8"?>
<!DOCTYPE html PUBLIC "-//W3C//DTD XHTML 1.0 Transitional//EN"
    "http://www.w3.org/TR/xhtml1/DTD/xhtml1-transitional.dtd">
<html xmlns="http://www.w3.org/1999/xhtml" xml:lang="en" lang="en">
 <head>
  <title>
</title>
<meta http-equiv="Content-Type" content="text/html;charset=utf-8" />
  <meta name='ocr-system' content='tesseract 3.04.00' />
  <meta name='ocr-capabilities' content='ocr_page ocr_carea ocr_par ocr_line ocrx_word'/>
</head>
<body>
  <div class='ocr_page' id='page_1' title='image "./pauliadromanose00fritgoog_0203.png"; bbox 0 0 2814 5056; ppageno 0'>
   <div class='ocr_carea' id='block_1_1' title="bbox 205 359 1107 462">
    <p class='ocr_par' dir='ltr' id='par_1_1' title="bbox 205 359 1107 462">
     <span class='ocr_line' id='line_1_1' title="bbox 205 359 1107 462; baseline -0.007 0"><span class='ocrx_word' id='word_1_1' title='bbox 205 394 271 462; x_wconf 87' lang='lat' dir='ltr'>rso</span> <span class='ocrx_word' id='word_1_2' title='bbox 303 397 307 412; x_wconf 86' lang='lat'><strong>·</strong></span> <span class='ocrx_word' id='word_1_3' title='bbox 418 359 808 461; x_wconf 77' lang='grc' dir='ltr'><strong><em>οοιοοοιιόο</em></strong></span> <span class='ocrx_word' id='word_1_4' title='bbox 830 385 1107 460; x_wconf 81' lang='lat' dir='ltr'>rennues</span> 
     </span>
    </p>
   </div>
   <div class='ocr_carea' id='block_1_2' title="bbox 136 545 1315 2260">
    <p class='ocr_par' dir='ltr' id='par_1_2' title="bbox 136 545 1315 2260">
     <span class='ocr_line' id='line_1_2' title="bbox 206 545 1307 721; baseline -0.005 -101"><span class='ocrx_word' id='word_1_5' title='bbox 206 548 291 620; x_wconf 78' lang='lat' dir='ltr'>mett</span> <span class='ocrx_word' id='word_1_6' title='bbox 304 551 445 640; x_wconf 83' lang='lat' dir='ltr'>spiritus</span> <span class='ocrx_word' id='word_1_7' title='bbox 462 573 491 620; x_wconf 87' lang='lat' dir='ltr'>e.</span> <span class='ocrx_word' id='word_1_8' title='bbox 506 551 651 637; x_wconf 83' lang='lat' dir='ltr'>gemitus</span> <span class='ocrx_word' id='word_1_9' title='bbox 663 551 768 617; x_wconf 81' lang='lat' dir='ltr'>uelint</span> <span class='ocrx_word' id='word_1_10' title='bbox 783 551 878 620; x_wconf 84' lang='lat' dir='ltr'>Deus</span> <span class='ocrx_word' id='word_1_11' title='bbox 892 551 1063 635; x_wconf 82' lang='lat' dir='ltr'>intelliget</span> <span class='ocrx_word' id='word_1_12' title='bbox 1078 556 1124 636; x_wconf 86' lang='lat' dir='ltr'>(v.</span> <span class='ocrx_word' id='word_1_13' title='bbox 1138 549 1221 721; x_wconf 47' lang='lat'>²6?</span> <span class='ocrx_word' id='word_1_14' title='bbox 1255 545 1307 614; x_wconf 90' lang='lat' dir='ltr'>ln·</span> 
     </span>
     <span class='ocr_line' id='line_1_3' title="bbox 205 630 1309 726; baseline 0.004 -24"><span class='ocrx_word' id='word_1_15' title='bbox 205 639 307 703; x_wconf 87' lang='lat' dir='ltr'>clusit</span> <span class='ocrx_word' id='word_1_16' title='bbox 320 659 391 702; x_wconf 85' lang='lat' dir='ltr'>cem</span> <span class='ocrx_word' id='word_1_17' title='bbox 402 636 441 708; x_wconf 86' lang='lat' dir='ltr'>P.</span> <span class='ocrx_word' id='word_1_18' title='bbox 456 638 769 726; x_wconf 87' lang='lat' dir='ltr'>circumloqnutioni</span> <span class='ocrx_word' id='word_1_19' title='bbox 785 630 803 704; x_wconf 82' lang='grc' dir='ltr'>ὅ</span> <span class='ocrx_word' id='word_1_20' title='bbox 816 635 1027 725; x_wconf 75' lang='grc' dir='ltr'><strong><em>ἐρευνῶντας</em></strong></span> <span class='ocrx_word' id='word_1_21' title='bbox 1041 635 1179 720; x_wconf 77' lang='grc' dir='ltr'><strong><em>καρδίας</em></strong></span> <span class='ocrx_word' id='word_1_22' title='bbox 1204 637 1309 722; x_wconf 79' lang='lat' dir='ltr'>Aper.</span> 
     </span>
     <span class='ocr_line' id='line_1_4' title="bbox 205 717 1310 811; baseline -0.005 -22"><span class='ocrx_word' id='word_1_23' title='bbox 205 724 300 806; x_wconf 60' lang='lat'>223.</span> <span class='ocrx_word' id='word_1_24' title='bbox 316 721 374 791; x_wconf 88' lang='lat' dir='ltr'>Pe.</span> <span class='ocrx_word' id='word_1_25' title='bbox 387 725 514 809; x_wconf 82' lang='grc'><strong>7,10.).</strong></span> <span class='ocrx_word' id='word_1_26' title='bbox 564 725 617 791; x_wconf 82' lang='lat' dir='ltr'>Cf.</span> <span class='ocrx_word' id='word_1_27' title='bbox 633 723 732 803; x_wconf 77' lang='lat'><strong>4,24.</strong></span> <span class='ocrx_word' id='word_1_28' title='bbox 743 725 787 805; x_wconf 43' lang='grc' dir='ltr'>Ν8,</span> <span class='ocrx_word' id='word_1_29' title='bbox 798 727 868 791; x_wconf 88' lang='lat'>11.:</span> <span class='ocrx_word' id='word_1_30' title='bbox 897 722 970 788; x_wconf 84' lang='lat' dir='ltr'>Scit</span> <span class='ocrx_word' id='word_1_31' title='bbox 990 729 1100 787; x_wconf 86' lang='lat' dir='ltr'>eutem</span> <span class='ocrx_word' id='word_1_32' title='bbox 1118 717 1173 811; x_wconf 77' lang='lat' dir='ltr'>urei</span> <span class='ocrx_word' id='word_1_33' title='bbox 1191 728 1310 784; x_wconf 82' lang='lat' dir='ltr'>mentes</span> 
     </span>
     <span class='ocr_line' id='line_1_5' title="bbox 204 805 1310 899; baseline -0.006 -24"><span class='ocrx_word' id='word_1_34' title='bbox 204 815 389 890; x_wconf 74' lang='lat' dir='ltr'>emittetur,</span> <span class='ocrx_word' id='word_1_35' title='bbox 410 808 598 899; x_wconf 87' lang='lat' dir='ltr'>cujusmodi</span> <span class='ocrx_word' id='word_1_36' title='bbox 619 811 673 873; x_wconf 86' lang='lat' dir='ltr'>eit</span> <span class='ocrx_word' id='word_1_37' title='bbox 686 809 754 876; x_wconf 85' lang='lat' dir='ltr'>dir.</span> <span class='ocrx_word' id='word_1_38' title='bbox 778 809 920 898; x_wconf 82' lang='lat' dir='ltr'>spiritus</span> <span class='ocrx_word' id='word_1_39' title='bbox 941 809 1126 894; x_wconf 87' lang='lat' dir='ltr'>inceptum,</span> <span class='ocrx_word' id='word_1_40' title='bbox 1155 813 1214 870; x_wconf 91' lang='lat' dir='ltr'>eut</span> <span class='ocrx_word' id='word_1_41' title='bbox 1233 805 1310 892; x_wconf 89' lang='lat' dir='ltr'>qnid</span> 
     </span>
     <span class='ocr_line' id='line_1_6' title="bbox 206 891 1310 982; baseline -0.008 -20"><span class='ocrx_word' id='word_1_42' title='bbox 206 892 349 982; x_wconf 81' lang='lat' dir='ltr'>spiritus</span> <span class='ocrx_word' id='word_1_43' title='bbox 363 916 392 962; x_wconf 87' lang='lat' dir='ltr'>e.</span> <span class='ocrx_word' id='word_1_44' title='bbox 409 905 507 981; x_wconf 89' lang='lat' dir='ltr'>paret</span> <span class='ocrx_word' id='word_1_45' title='bbox 522 905 622 981; x_wconf 84' lang='lat' dir='ltr'>atque</span> <span class='ocrx_word' id='word_1_46' title='bbox 638 893 801 963; x_wconf 87' lang='lat' dir='ltr'>intendat.</span> <span class='ocrx_word' id='word_1_47' title='bbox 845 893 1062 982; x_wconf 76' lang='lat' dir='ltr'><strong>Exploratum</strong></span> <span class='ocrx_word' id='word_1_48' title='bbox 1072 892 1145 957; x_wconf 89' lang='lat' dir='ltr'>Deo</span> <span class='ocrx_word' id='word_1_49' title='bbox 1160 900 1223 972; x_wconf 83' lang='lat' dir='ltr'>est,</span> <span class='ocrx_word' id='word_1_50' title='bbox 1237 891 1310 978; x_wconf 82' lang='grc' dir='ltr'><strong><em>ριιὶο</em></strong></span> 
     </span>
     <span class='ocr_line' id='line_1_7' title="bbox 207 976 1311 1066; baseline -0.005 -22"><span class='ocrx_word' id='word_1_51' title='bbox 207 987 511 1046; x_wconf 84' lang='lat' dir='ltr'>mentesscrutetur</span> <span class='ocrx_word' id='word_1_52' title='bbox 530 988 562 1046; x_wconf 84' lang='lat' dir='ltr'>et</span> <span class='ocrx_word' id='word_1_53' title='bbox 586 980 728 1064; x_wconf 75' lang='lat' dir='ltr'>copitetu</span> <span class='ocrx_word' id='word_1_54' title='bbox 746 981 923 1064; x_wconf 74' lang='lat' dir='ltr'><strong><em>perspicit,</em></strong></span> <span class='ocrx_word' id='word_1_55' title='bbox 953 998 1018 1066; x_wconf 91' lang='lat' dir='ltr'>quo</span> <span class='ocrx_word' id='word_1_56' title='bbox 1042 985 1193 1066; x_wconf 72' lang='lat' dir='ltr'>spectent</span> <span class='ocrx_word' id='word_1_57' title='bbox 1213 976 1311 1063; x_wconf 84' lang='lat' dir='ltr'>spiri·</span> 
     </span>
     <span class='ocr_line' id='line_1_8' title="bbox 157 1064 1310 1154; baseline -0.005 -24"><span class='ocrx_word' id='word_1_58' title='bbox 157 1065 178 1144; x_wconf 78' lang='grc'>,’</span> <span class='ocrx_word' id='word_1_59' title='bbox 206 1071 263 1130; x_wconf 86' lang='lat' dir='ltr'>tue</span> <span class='ocrx_word' id='word_1_60' title='bbox 286 1085 316 1132; x_wconf 89' lang='lat' dir='ltr'>e.</span> <span class='ocrx_word' id='word_1_61' title='bbox 337 1065 499 1149; x_wconf 81' lang='lat' dir='ltr'><strong>gemitus:</strong></span> <span class='ocrx_word' id='word_1_62' title='bbox 537 1065 647 1130; x_wconf 84' lang='lat' dir='ltr'>verbis</span> <span class='ocrx_word' id='word_1_63' title='bbox 669 1085 732 1128; x_wconf 92' lang='grc' dir='ltr'>οοο</span> <span class='ocrx_word' id='word_1_64' title='bbox 754 1087 839 1154; x_wconf 84' lang='lat' dir='ltr'>opus</span> <span class='ocrx_word' id='word_1_65' title='bbox 862 1074 932 1146; x_wconf 88' lang='lat' dir='ltr'>est,</span> <span class='ocrx_word' id='word_1_66' title='bbox 961 1064 1083 1152; x_wconf 84' lang='lat' dir='ltr'>qrribue</span> <span class='ocrx_word' id='word_1_67' title='bbox 1128 1083 1187 1127; x_wconf 86' lang='lat' dir='ltr'>uae</span> <span class='ocrx_word' id='word_1_68' title='bbox 1207 1069 1310 1128; x_wconf 88' lang='lat' dir='ltr'>mente</span> 
     </span>
     <span class='ocr_line' id='line_1_9' title="bbox 152 1147 1312 1254; baseline -0.004 -38"><span class='ocrx_word' id='word_1_69' title='bbox 152 1151 156 1160; x_wconf 77' lang='grc'><em>’</em></span> <span class='ocrx_word' id='word_1_70' title='bbox 205 1151 341 1216; x_wconf 84' lang='lat' dir='ltr'>volvens</span> <span class='ocrx_word' id='word_1_71' title='bbox 356 1149 552 1254; x_wconf 52' lang='lat' dir='ltr'>ing‘emieeet</span> <span class='ocrx_word' id='word_1_72' title='bbox 566 1151 632 1217; x_wconf 87' lang='lat' dir='ltr'>div.</span> <span class='ocrx_word' id='word_1_73' title='bbox 653 1149 796 1237; x_wconf 88' lang='lat' dir='ltr'>spiritus</span> <span class='ocrx_word' id='word_1_74' title='bbox 810 1151 884 1216; x_wconf 90' lang='lat' dir='ltr'>Deo</span> <span class='ocrx_word' id='word_1_75' title='bbox 910 1151 1065 1237; x_wconf 75' lang='lat' dir='ltr'><strong>explicet.</strong></span> <span class='ocrx_word' id='word_1_76' title='bbox 1144 1147 1237 1213; x_wconf 87' lang='lat' dir='ltr'>erbis</span> <span class='ocrx_word' id='word_1_77' title='bbox 1262 1147 1312 1212; x_wconf 81' lang='grc' dir='ltr'>ὅτι</span> 
     </span>
     <span class='ocr_line' id='line_1_10' title="bbox 206 1227 1311 1323; baseline -0.002 -25"><span class='ocrx_word' id='word_1_78' title='bbox 206 1259 236 1298; x_wconf 88' lang='grc' dir='ltr'>κ.</span> <span class='ocrx_word' id='word_1_79' title='bbox 250 1237 288 1299; x_wconf 85' lang='lat' dir='ltr'>e.</span> <span class='ocrx_word' id='word_1_80' title='bbox 303 1231 331 1300; x_wconf 80' lang='grc' dir='ltr'>ἓ.</span> <span class='ocrx_word' id='word_1_81' title='bbox 348 1227 380 1300; x_wconf 79' lang='lat' dir='ltr'>ri.</span> <span class='ocrx_word' id='word_1_82' title='bbox 395 1259 425 1301; x_wconf 91' lang='grc' dir='ltr'>α.</span> <span class='ocrx_word' id='word_1_83' title='bbox 441 1235 671 1323; x_wconf 74' lang='lat' dir='ltr'>praecedentia</span> <span class='ocrx_word' id='word_1_84' title='bbox 687 1257 777 1302; x_wconf 88' lang='lat' dir='ltr'>voce.</span> <span class='ocrx_word' id='word_1_85' title='bbox 797 1233 832 1300; x_wconf 84' lang='lat' dir='ltr'>ci</span> <span class='ocrx_word' id='word_1_86' title='bbox 850 1233 889 1300; x_wconf 88' lang='grc' dir='ltr'>τὸ</span> <span class='ocrx_word' id='word_1_87' title='bbox 913 1229 1071 1322; x_wconf 78' lang='grc' dir='ltr'><strong><em>φρόνημα</em></strong></span> <span class='ocrx_word' id='word_1_88' title='bbox 1090 1257 1119 1300; x_wconf 89' lang='grc' dir='ltr'>τ.</span> <span class='ocrx_word' id='word_1_89' title='bbox 1136 1235 1198 1300; x_wconf 78' lang='lat' dir='ltr'>Hs.</span> <span class='ocrx_word' id='word_1_90' title='bbox 1220 1253 1311 1297; x_wconf 87' lang='lat' dir='ltr'>eccu-</span> 
     </span>
     <span class='ocr_line' id='line_1_11' title="bbox 149 1319 1314 1424; baseline -0.002 -41"><span class='ocrx_word' id='word_1_91' title='bbox 149 1399 151 1407; x_wconf 16' lang='grc' dir='ltr'><strong>Α</strong></span> <span class='ocrx_word' id='word_1_92' title='bbox 206 1319 317 1386; x_wconf 83' lang='lat' dir='ltr'>ratius</span> <span class='ocrx_word' id='word_1_93' title='bbox 331 1320 598 1388; x_wconf 73' lang='lat' dir='ltr'>constituunture</span> <span class='ocrx_word' id='word_1_94' title='bbox 619 1321 682 1386; x_wconf 88' lang='lat' dir='ltr'>ecit</span> <span class='ocrx_word' id='word_1_95' title='bbox 696 1321 791 1422; x_wconf 79' lang='lat' dir='ltr'>Deps</span> <span class='ocrx_word' id='word_1_96' title='bbox 804 1320 946 1422; x_wconf 80' lang='lat' dir='ltr'>spiritus</span> <span class='ocrx_word' id='word_1_97' title='bbox 961 1322 1187 1424; x_wconf 38' lang='lat' dir='ltr'>esinceptum,</span> <span class='ocrx_word' id='word_1_98' title='bbox 1204 1323 1314 1422; x_wconf 61' lang='lat' dir='ltr'>tuem·</span> 
     </span>
     <span class='ocr_line' id='line_1_12' title="bbox 204 1404 1313 1580; baseline -0.003 -22"><span class='ocrx_word' id='word_1_99' title='bbox 204 1404 1313 1580; x_wconf 63' lang='lat' dir='ltr'>ttrtttrtttd‘tt¹22⁰„:titiittff&#39;t&#39;gtttntttii?</span> 
     </span>
     <span class='ocr_line' id='line_1_13' title="bbox 205 1571 1315 1666; baseline 0.002 -26"><span class='ocrx_word' id='word_1_100' title='bbox 205 1576 289 1641; x_wconf 83' lang='lat' dir='ltr'>ceri.</span> <span class='ocrx_word' id='word_1_101' title='bbox 332 1575 386 1644; x_wconf 84' lang='lat' dir='ltr'>Gt.</span> <span class='ocrx_word' id='word_1_102' title='bbox 402 1578 561 1662; x_wconf 77' lang='lat' dir='ltr'>Kmsepcr.</span> <span class='ocrx_word' id='word_1_103' title='bbox 578 1577 620 1640; x_wconf 85' lang='lat' dir='ltr'>ad</span> <span class='ocrx_word' id='word_1_104' title='bbox 634 1577 724 1653; x_wconf 67' lang='lat' dir='ltr'>Xen,</span> <span class='ocrx_word' id='word_1_105' title='bbox 740 1577 852 1646; x_wconf 87' lang='lat' dir='ltr'>Anah.</span> <span class='ocrx_word' id='word_1_106' title='bbox 871 1576 1001 1658; x_wconf 64' lang='lat' dir='ltr'>nent.</span> <span class='ocrx_word' id='word_1_107' title='bbox 1015 1579 1072 1642; x_wconf 82' lang='grc' dir='ltr'>καὶ</span> <span class='ocrx_word' id='word_1_108' title='bbox 1084 1575 1149 1662; x_wconf 73' lang='grc' dir='ltr'>γὰρ</span> <span class='ocrx_word' id='word_1_109' title='bbox 1161 1576 1239 1666; x_wconf 78' lang='grc' dir='ltr'><strong><em>ᾔδει</em></strong></span> <span class='ocrx_word' id='word_1_110' title='bbox 1252 1571 1315 1642; x_wconf 84' lang='lat' dir='ltr'>ei-</span> 
     </span>
     <span class='ocr_line' id='line_1_14' title="bbox 136 1655 1313 1748; baseline -0.001 -24"><span class='ocrx_word' id='word_1_111' title='bbox 136 1659 138 1672; x_wconf 78' lang='lat'>&#39;</span> <span class='ocrx_word' id='word_1_112' title='bbox 204 1658 263 1725; x_wconf 83' lang='grc' dir='ltr'>τὸν</span> <span class='ocrx_word' id='word_1_113' title='bbox 279 1655 333 1725; x_wconf 85' lang='grc' dir='ltr'>ὅτι</span> <span class='ocrx_word' id='word_1_114' title='bbox 346 1659 449 1743; x_wconf 78' lang='grc' dir='ltr'><strong><em>μέσον</em></strong></span> <span class='ocrx_word' id='word_1_115' title='bbox 463 1657 535 1742; x_wconf 77' lang='grc' dir='ltr'><strong><em>ἔχοι</em></strong></span> <span class='ocrx_word' id='word_1_116' title='bbox 551 1663 613 1726; x_wconf 80' lang='grc' dir='ltr'><strong><em>τοῦ</em></strong></span> <span class='ocrx_word' id='word_1_117' title='bbox 630 1663 800 1747; x_wconf 82' lang='grc' dir='ltr'><strong><em>Περσικοῦ</em></strong></span> <span class='ocrx_word' id='word_1_118' title='bbox 824 1657 1088 1748; x_wconf 72' lang='grc' dir='ltr'><strong><em>στρατεύματος,</em></strong></span> <span class='ocrx_word' id='word_1_119' title='bbox 1120 1672 1189 1728; x_wconf 90' lang='lat' dir='ltr'>net.</span> <span class='ocrx_word' id='word_1_120' title='bbox 1208 1681 1252 1728; x_wconf 86' lang='lat' dir='ltr'>ur.</span> <span class='ocrx_word' id='word_1_121' title='bbox 1274 1659 1313 1724; x_wconf 86' lang='lat' dir='ltr'>ad</span> 
     </span>
     <span class='ocr_line' id='line_1_15' title="bbox 155 1739 1315 1833; baseline -0.002 -23"><span class='ocrx_word' id='word_1_122' title='bbox 155 1781 157 1788; x_wconf 42' lang='grc' dir='ltr'><strong><em>ι</em></strong></span> <span class='ocrx_word' id='word_1_123' title='bbox 205 1745 311 1812; x_wconf 82' lang='grc' dir='ltr'><strong><em>Μοοο.</em></strong></span> <span class='ocrx_word' id='word_1_124' title='bbox 326 1767 359 1832; x_wconf 89' lang='lat' dir='ltr'>p.</span> <span class='ocrx_word' id='word_1_125' title='bbox 375 1747 432 1812; x_wconf 80' lang='grc'>34.</span> <span class='ocrx_word' id='word_1_126' title='bbox 448 1757 481 1811; x_wconf 90' lang='lat' dir='ltr'>et</span> <span class='ocrx_word' id='word_1_127' title='bbox 496 1750 513 1811; x_wconf 95' lang='lat' dir='ltr'>l</span> <span class='ocrx_word' id='word_1_128' title='bbox 528 1745 606 1814; x_wconf 81' lang='lat' dir='ltr'>ioh.</span> <span class='ocrx_word' id='word_1_129' title='bbox 620 1747 654 1815; x_wconf 84' lang='grc'>4.</span> <span class='ocrx_word' id='word_1_130' title='bbox 662 1747 695 1814; x_wconf 88' lang='grc'>8.</span> <span class='ocrx_word' id='word_1_131' title='bbox 710 1739 789 1833; x_wconf 80' lang='grc' dir='ltr'>ὁμὴ</span> <span class='ocrx_word' id='word_1_132' title='bbox 803 1743 942 1831; x_wconf 73' lang='lat' dir='ltr'>dyocesin</span> <span class='ocrx_word' id='word_1_133' title='bbox 958 1744 1018 1812; x_wconf 74' lang='lat' dir='ltr'>orte</span> <span class='ocrx_word' id='word_1_134' title='bbox 1034 1743 1116 1830; x_wconf 77' lang='grc' dir='ltr'><em>ἔγνω</em></span> <span class='ocrx_word' id='word_1_135' title='bbox 1128 1746 1199 1812; x_wconf 74' lang='lat' dir='ltr'>cdi</span> <span class='ocrx_word' id='word_1_136' title='bbox 1211 1745 1315 1811; x_wconf 68' lang='lat' dir='ltr'>eree</span> 
     </span>
     <span class='ocr_line' id='line_1_16' title="bbox 205 1824 1315 1918; baseline -0.002 -22"><span class='ocrx_word' id='word_1_137' title='bbox 205 1830 275 1896; x_wconf 78' lang='grc' dir='ltr'>ὅτι</span> <span class='ocrx_word' id='word_1_138' title='bbox 303 1824 448 1908; x_wconf 66' lang='lat' dir='ltr'>idedu</span> <span class='ocrx_word' id='word_1_139' title='bbox 468 1826 610 1916; x_wconf 78' lang='grc' dir='ltr'><em>ἀγάπη</em></span> <span class='ocrx_word' id='word_1_140' title='bbox 634 1829 769 1897; x_wconf 74' lang='grc' dir='ltr'><strong><em>ἐστίν.</em></strong></span> <span class='ocrx_word' id='word_1_141' title='bbox 799 1832 883 1897; x_wconf 86' lang='grc' dir='ltr'><strong><em>κατὰ</em></strong></span> <span class='ocrx_word' id='word_1_142' title='bbox 901 1827 998 1916; x_wconf 78' lang='grc' dir='ltr'>θεόν]</span> <span class='ocrx_word' id='word_1_143' title='bbox 1031 1833 1066 1897; x_wconf 89' lang='lat' dir='ltr'>in</span> <span class='ocrx_word' id='word_1_144' title='bbox 1087 1831 1194 1904; x_wconf 77' lang='lat' dir='ltr'>Derim</span> <span class='ocrx_word' id='word_1_145' title='bbox 1222 1831 1315 1918; x_wconf 74' lang='lat' dir='ltr'>prinei</span> 
     </span>
     <span class='ocr_line' id='line_1_17' title="bbox 206 1917 1314 2002; baseline -0.001 -22"><span class='ocrx_word' id='word_1_146' title='bbox 206 1937 374 1981; x_wconf 76' lang='lat' dir='ltr'>conversare</span> <span class='ocrx_word' id='word_1_147' title='bbox 387 1917 411 1985; x_wconf 88' lang='lat' dir='ltr'>i.</span> <span class='ocrx_word' id='word_1_148' title='bbox 427 1937 457 1985; x_wconf 90' lang='lat' dir='ltr'>e.</span> <span class='ocrx_word' id='word_1_149' title='bbox 474 1937 589 1982; x_wconf 85' lang='lat' dir='ltr'>curum</span> <span class='ocrx_word' id='word_1_150' title='bbox 608 1917 695 1998; x_wconf 86' lang='lat' dir='ltr'>Deo,</span> <span class='ocrx_word' id='word_1_151' title='bbox 724 1918 812 2002; x_wconf 80' lang='lat' dir='ltr'>cpsed</span> <span class='ocrx_word' id='word_1_152' title='bbox 821 1917 947 1997; x_wconf 88' lang='lat' dir='ltr'>Deum,</span> <span class='ocrx_word' id='word_1_153' title='bbox 975 1927 1012 1982; x_wconf 91' lang='lat' dir='ltr'>ut</span> <span class='ocrx_word' id='word_1_154' title='bbox 1033 1924 1140 1998; x_wconf 86' lang='lat' dir='ltr'>recte,</span> <span class='ocrx_word' id='word_1_155' title='bbox 1168 1917 1314 1996; x_wconf 72' lang='lat' dir='ltr'>Boetm„</span> 
     </span>
     <span class='ocr_line' id='line_1_18' title="bbox 205 1998 1313 2090; baseline 0.002 -24"><span class='ocrx_word' id='word_1_156' title='bbox 205 1998 337 2080; x_wconf 66' lang='lat' dir='ltr'>tinet„</span> <span class='ocrx_word' id='word_1_157' title='bbox 365 2002 449 2068; x_wconf 68' lang='lat' dir='ltr'>iiim</span> <span class='ocrx_word' id='word_1_158' title='bbox 460 2023 511 2086; x_wconf 77' lang='lat' dir='ltr'>gr.</span> <span class='ocrx_word' id='word_1_159' title='bbox 528 2023 562 2090; x_wconf 85' lang='lat' dir='ltr'>p.</span> <span class='ocrx_word' id='word_1_160' title='bbox 575 2003 652 2069; x_wconf 86' lang='lat'><strong>380.</strong></span> <span class='ocrx_word' id='word_1_161' title='bbox 667 2001 712 2070; x_wconf 83' lang='lat' dir='ltr'>at.</span> <span class='ocrx_word' id='word_1_162' title='bbox 758 2002 810 2069; x_wconf 84' lang='lat' dir='ltr'>Gi.</span> <span class='ocrx_word' id='word_1_163' title='bbox 826 2002 909 2066; x_wconf 83' lang='grc' dir='ltr'><strong><em>κατὰ</em></strong></span> <span class='ocrx_word' id='word_1_164' title='bbox 929 1999 1206 2086; x_wconf 71' lang='lat' dir='ltr'>undecentesimo.</span> <span class='ocrx_word' id='word_1_165' title='bbox 1220 2002 1313 2080; x_wconf 84' lang='lat'><strong>2‚31.</strong></span> 
     </span>
     <span class='ocr_line' id='line_1_19' title="bbox 210 2079 1315 2170; baseline 0.001 -19"><span class='ocrx_word' id='word_1_166' title='bbox 210 2083 400 2166; x_wconf 77' lang='lat' dir='ltr'>Ga1.2,11.</span> <span class='ocrx_word' id='word_1_167' title='bbox 421 2086 518 2152; x_wconf 86' lang='lat' dir='ltr'>Thnc</span> <span class='ocrx_word' id='word_1_168' title='bbox 566 2136 577 2154; x_wconf 89' lang='lat'><strong>.</strong></span> <span class='ocrx_word' id='word_1_169' title='bbox 599 2089 712 2169; x_wconf 66' lang='lat' dir='ltr'>ulto.</span> <span class='ocrx_word' id='word_1_170' title='bbox 734 2086 837 2154; x_wconf 86' lang='lat' dir='ltr'>Diod.</span> <span class='ocrx_word' id='word_1_171' title='bbox 856 2089 908 2168; x_wconf 79' lang='lat'>14,</span> <span class='ocrx_word' id='word_1_172' title='bbox 916 2089 970 2155; x_wconf 85' lang='lat'>26.</span> <span class='ocrx_word' id='word_1_173' title='bbox 991 2097 1024 2152; x_wconf 90' lang='lat' dir='ltr'>et</span> <span class='ocrx_word' id='word_1_174' title='bbox 1041 2080 1110 2152; x_wconf 77' lang='grc' dir='ltr'><strong><em>κατ’</em></strong></span> <span class='ocrx_word' id='word_1_175' title='bbox 1126 2079 1219 2170; x_wconf 70' lang='grc' dir='ltr'><strong><em>ὄμμα</em></strong></span> <span class='ocrx_word' id='word_1_176' title='bbox 1235 2085 1315 2152; x_wconf 84' lang='grc' dir='ltr'><strong><em>Εοο.</em></strong></span> 
     </span>
     <span class='ocr_line' id='line_1_20' title="bbox 204 2107 1314 2260; baseline -0.003 -21"><span class='ocrx_word' id='word_1_177' title='bbox 204 2169 489 2240; x_wconf 73' lang='grc' dir='ltr'><strong><em>Δοᾱοοοο.1065..</em></strong></span> <span class='ocrx_word' id='word_1_178' title='bbox 519 2107 608 2236; x_wconf 73' lang='lat' dir='ltr'>hieto</span> <span class='ocrx_word' id='word_1_179' title='bbox 624 2171 753 2241; x_wconf 84' lang='lat' dir='ltr'>Rueck.</span> <span class='ocrx_word' id='word_1_180' title='bbox 769 2173 818 2238; x_wconf 84' lang='lat' dir='ltr'>sic</span> <span class='ocrx_word' id='word_1_181' title='bbox 835 2170 1017 2238; x_wconf 88' lang='lat' dir='ltr'>Pronomen</span> <span class='ocrx_word' id='word_1_182' title='bbox 1032 2172 1314 2260; x_wconf 85' lang='lat' dir='ltr'>ponendumiuis-</span> 
     </span>
    </p>
   </div>
   <div class='ocr_carea' id='block_1_3' title="bbox 89 2251 1317 2518">
    <p class='ocr_par' dir='ltr' id='par_1_3' title="bbox 89 2251 1317 2518">
     <span class='ocr_line' id='line_1_21' title="bbox 205 2251 1315 2361; baseline 0.001 -41"><span class='ocrx_word' id='word_1_183' title='bbox 205 2275 242 2320; x_wconf 90' lang='lat' dir='ltr'>ae</span> <span class='ocrx_word' id='word_1_184' title='bbox 257 2253 392 2358; x_wconf 83' lang='lat' dir='ltr'>objecit.</span> <span class='ocrx_word' id='word_1_185' title='bbox 431 2255 547 2322; x_wconf 87' lang='lat' dir='ltr'>Potuit</span> <span class='ocrx_word' id='word_1_186' title='bbox 561 2253 631 2321; x_wconf 74' lang='grc' dir='ltr'><strong><em>κατ’</em></strong></span> <span class='ocrx_word' id='word_1_187' title='bbox 647 2251 749 2358; x_wconf 72' lang='grc' dir='ltr'><strong><em>αὐτόν</em></strong></span> <span class='ocrx_word' id='word_1_188' title='bbox 764 2259 877 2336; x_wconf 80' lang='lat' dir='ltr'>scribi,</span> <span class='ocrx_word' id='word_1_189' title='bbox 893 2279 958 2360; x_wconf 79' lang='lat' dir='ltr'>non</span> <span class='ocrx_word' id='word_1_190' title='bbox 972 2259 1099 2327; x_wconf 84' lang='lat' dir='ltr'>debuit.</span> <span class='ocrx_word' id='word_1_191' title='bbox 1115 2311 1129 2360; x_wconf 77' lang='lat'>,¹</span> <span class='ocrx_word' id='word_1_192' title='bbox 1144 2255 1232 2361; x_wconf 72' lang='lat' dir='ltr'>Nam</span> <span class='ocrx_word' id='word_1_193' title='bbox 1247 2257 1315 2322; x_wconf 85' lang='lat' dir='ltr'>die·</span> 
     </span>
     <span class='ocr_line' id='line_1_22' title="bbox 204 2340 1316 2430; baseline 0.002 -25"><span class='ocrx_word' id='word_1_194' title='bbox 204 2340 363 2423; x_wconf 81' lang='lat' dir='ltr'>tinctura,</span> <span class='ocrx_word' id='word_1_195' title='bbox 425 2363 477 2406; x_wconf 87' lang='lat' dir='ltr'>em</span> <span class='ocrx_word' id='word_1_196' title='bbox 493 2362 715 2408; x_wconf 70' lang='lat' dir='ltr'>necessarlum</span> <span class='ocrx_word' id='word_1_197' title='bbox 727 2344 852 2424; x_wconf 69' lang='lat' dir='ltr'>&#39;iuerat</span> <span class='ocrx_word' id='word_1_198' title='bbox 865 2345 959 2430; x_wconf 85' lang='lat' dir='ltr'>loqur</span> <span class='ocrx_word' id='word_1_199' title='bbox 977 2341 1083 2409; x_wconf 82' lang='lat' dir='ltr'>Paulo</span> <span class='ocrx_word' id='word_1_200' title='bbox 1100 2344 1207 2411; x_wconf 86' lang='lat' dir='ltr'>treurt.</span> <span class='ocrx_word' id='word_1_201' title='bbox 1251 2343 1316 2408; x_wconf 88' lang='lat' dir='ltr'>Pe·</span> 
     </span>
     <span class='ocr_line' id='line_1_23' title="bbox 89 2423 1317 2518; baseline 0.004 -29"><span class='ocrx_word' id='word_1_202' title='bbox 89 2471 92 2480; x_wconf 83' lang='lat'><em>.</em></span> <span class='ocrx_word' id='word_1_203' title='bbox 200 2423 375 2515; x_wconf 83' lang='lat' dir='ltr'>jusetiem</span> <span class='ocrx_word' id='word_1_204' title='bbox 424 2427 511 2495; x_wconf 84' lang='lat' dir='ltr'>necte.</span> <span class='ocrx_word' id='word_1_205' title='bbox 528 2427 721 2496; x_wconf 84' lang='lat' dir='ltr'>Articulum</span> <span class='ocrx_word' id='word_1_206' title='bbox 736 2426 907 2496; x_wconf 79' lang='grc' dir='ltr'><strong><em>κατάτόο</em></strong></span> <span class='ocrx_word' id='word_1_207' title='bbox 923 2425 1007 2494; x_wconf 75' lang='grc' dir='ltr'>θεόν</span> <span class='ocrx_word' id='word_1_208' title='bbox 1029 2429 1218 2518; x_wconf 78' lang='lat' dir='ltr'>requisivit.</span> <span class='ocrx_word' id='word_1_209' title='bbox 1262 2427 1317 2497; x_wconf 83' lang='lat' dir='ltr'>Gt.</span> 
     </span>
    </p>
   </div>
   <div class='ocr_carea' id='block_1_4' title="bbox 182 2661 1392 4405">
    <p class='ocr_par' dir='ltr' id='par_1_4' title="bbox 275 2661 1392 2884">
     <span class='ocr_line' id='line_1_24' title="bbox 276 2661 1319 2750; baseline 0.004 -22"><span class='ocrx_word' id='word_1_210' title='bbox 276 2684 309 2728; x_wconf 87' lang='lat' dir='ltr'>ut</span> <span class='ocrx_word' id='word_1_211' title='bbox 318 2673 414 2728; x_wconf 86' lang='lat' dir='ltr'>amicis</span> <span class='ocrx_word' id='word_1_212' title='bbox 428 2675 498 2741; x_wconf 61' lang='lat' dir='ltr'>suist</span> <span class='ocrx_word' id='word_1_213' title='bbox 519 2691 636 2743; x_wconf 85' lang='lat' dir='ltr'>quorum</span> <span class='ocrx_word' id='word_1_214' title='bbox 652 2675 804 2730; x_wconf 84' lang='lat' dir='ltr'>miserrima</span> <span class='ocrx_word' id='word_1_215' title='bbox 817 2678 844 2730; x_wconf 91' lang='lat' dir='ltr'>in</span> <span class='ocrx_word' id='word_1_216' title='bbox 859 2661 993 2744; x_wconf 72' lang='lat' dir='ltr'>hicterrir</span> <span class='ocrx_word' id='word_1_217' title='bbox 1007 2678 1132 2733; x_wconf 86' lang='lat' dir='ltr'>conditio</span> <span class='ocrx_word' id='word_1_218' title='bbox 1146 2687 1225 2746; x_wconf 82' lang='lat' dir='ltr'>esset,</span> <span class='ocrx_word' id='word_1_219' title='bbox 1237 2680 1319 2750; x_wconf 89' lang='lat' dir='ltr'>prod·</span> 
     </span>
     <span class='ocr_line' id='line_1_25' title="bbox 277 2743 1319 2819; baseline 0.008 -23"><span class='ocrx_word' id='word_1_220' title='bbox 277 2755 345 2798; x_wconf 84' lang='lat' dir='ltr'>esset</span> <span class='ocrx_word' id='word_1_221' title='bbox 360 2743 469 2812; x_wconf 87' lang='lat' dir='ltr'>(Matth.</span> <span class='ocrx_word' id='word_1_222' title='bbox 481 2745 607 2814; x_wconf 69' lang='grc' dir='ltr'>28,20.)ἳ</span> <span class='ocrx_word' id='word_1_223' title='bbox 624 2747 713 2802; x_wconf 79' lang='lat' dir='ltr'>Aucta</span> <span class='ocrx_word' id='word_1_224' title='bbox 725 2755 766 2799; x_wconf 88' lang='lat' dir='ltr'>est</span> <span class='ocrx_word' id='word_1_225' title='bbox 776 2746 843 2801; x_wconf 85' lang='lat' dir='ltr'>haec</span> <span class='ocrx_word' id='word_1_226' title='bbox 861 2747 993 2801; x_wconf 86' lang='lat' dir='ltr'>sententie</span> <span class='ocrx_word' id='word_1_227' title='bbox 1013 2757 1154 2819; x_wconf 86' lang='lat' dir='ltr'>postquem</span> <span class='ocrx_word' id='word_1_228' title='bbox 1171 2748 1319 2804; x_wconf 76' lang='lat' dir='ltr'>Christiani</span> 
     </span>
     <span class='ocr_line' id='line_1_26' title="bbox 275 2812 1392 2884; baseline 0.002 -18"><span class='ocrx_word' id='word_1_229' title='bbox 275 2812 458 2866; x_wconf 87' lang='lat' dir='ltr'>Jesumsuum</span> <span class='ocrx_word' id='word_1_230' title='bbox 473 2815 630 2884; x_wconf 84' lang='lat' dir='ltr'>pontificem</span> <span class='ocrx_word' id='word_1_231' title='bbox 643 2815 805 2881; x_wconf 84' lang='lat' dir='ltr'>maximum,</span> <span class='ocrx_word' id='word_1_232' title='bbox 824 2816 1016 2884; x_wconf 85' lang='lat' dir='ltr'>quiincaeto,</span> <span class='ocrx_word' id='word_1_233' title='bbox 1036 2835 1116 2884; x_wconf 78' lang='lat' dir='ltr'>vero,</span> <span class='ocrx_word' id='word_1_234' title='bbox 1143 2837 1201 2871; x_wconf 89' lang='lat' dir='ltr'>non</span> <span class='ocrx_word' id='word_1_235' title='bbox 1222 2821 1318 2872; x_wconf 83' lang='lat' dir='ltr'>adum·</span> <span class='ocrx_word' id='word_1_236' title='bbox 1391 2865 1392 2868; x_wconf 76' lang='grc'>,</span> 
     </span>
    </p>

    <p class='ocr_par' dir='ltr' id='par_1_5' title="bbox 182 2882 1320 3167">
     <span class='ocr_line' id='line_1_27' title="bbox 182 2882 1319 2953; baseline 0.004 -17"><span class='ocrx_word' id='word_1_237' title='bbox 182 2930 186 2936; x_wconf 91' lang='grc'>,</span> <span class='ocrx_word' id='word_1_238' title='bbox 274 2883 369 2942; x_wconf 82' lang='lat' dir='ltr'>beato,</span> <span class='ocrx_word' id='word_1_239' title='bbox 387 2882 491 2953; x_wconf 85' lang='lat' dir='ltr'>temple</span> <span class='ocrx_word' id='word_1_240' title='bbox 506 2902 582 2936; x_wconf 86' lang='lat' dir='ltr'>sacra</span> <span class='ocrx_word' id='word_1_241' title='bbox 596 2885 709 2946; x_wconf 84' lang='lat' dir='ltr'>taceret,</span> <span class='ocrx_word' id='word_1_242' title='bbox 726 2885 846 2938; x_wconf 87' lang='lat' dir='ltr'>venerati</span> <span class='ocrx_word' id='word_1_243' title='bbox 860 2895 932 2941; x_wconf 88' lang='lat' dir='ltr'>sunt.</span> <span class='ocrx_word' id='word_1_244' title='bbox 966 2883 1030 2939; x_wconf 83' lang='lat' dir='ltr'>Erat</span> <span class='ocrx_word' id='word_1_245' title='bbox 1047 2896 1135 2939; x_wconf 82' lang='lat' dir='ltr'>autem</span> <span class='ocrx_word' id='word_1_246' title='bbox 1148 2887 1319 2942; x_wconf 80' lang='lat' dir='ltr'>iudaeorum</span> 
     </span>
     <span class='ocr_line' id='line_1_28' title="bbox 274 2949 1319 3028; baseline 0.006 -26"><span class='ocrx_word' id='word_1_247' title='bbox 274 2949 396 3019; x_wconf 86' lang='lat' dir='ltr'>pontifici</span> <span class='ocrx_word' id='word_1_248' title='bbox 411 2951 529 3004; x_wconf 83' lang='lat' dir='ltr'>maximo</span> <span class='ocrx_word' id='word_1_249' title='bbox 542 2968 592 3020; x_wconf 84' lang='lat' dir='ltr'>pro</span> <span class='ocrx_word' id='word_1_250' title='bbox 608 2955 708 3022; x_wconf 83' lang='lat' dir='ltr'>populo</span> <span class='ocrx_word' id='word_1_251' title='bbox 723 2953 782 3022; x_wconf 75' lang='lat' dir='ltr'>jud.</span> <span class='ocrx_word' id='word_1_252' title='bbox 796 2953 915 3022; x_wconf 85' lang='lat' dir='ltr'>peccatis</span> <span class='ocrx_word' id='word_1_253' title='bbox 931 2954 1117 3009; x_wconf 88' lang='lat' dir='ltr'>contaminato</span> <span class='ocrx_word' id='word_1_254' title='bbox 1139 2956 1210 3028; x_wconf 87' lang='lat' dir='ltr'>apud</span> <span class='ocrx_word' id='word_1_255' title='bbox 1224 2955 1319 3012; x_wconf 85' lang='lat' dir='ltr'>Deum</span> 
     </span>
     <span class='ocr_line' id='line_1_29' title="bbox 276 3020 1320 3094; baseline 0.006 -22"><span class='ocrx_word' id='word_1_256' title='bbox 276 3020 489 3086; x_wconf 79' lang='lat' dir='ltr'>deprecandum.</span> <span class='ocrx_word' id='word_1_257' title='bbox 525 3021 617 3074; x_wconf 83' lang='lat' dir='ltr'>Multo</span> <span class='ocrx_word' id='word_1_258' title='bbox 637 3023 724 3092; x_wconf 79' lang='lat' dir='ltr'>magis</span> <span class='ocrx_word' id='word_1_259' title='bbox 742 3021 795 3076; x_wconf 90' lang='lat' dir='ltr'>hoc</span> <span class='ocrx_word' id='word_1_260' title='bbox 813 3023 920 3077; x_wconf 85' lang='lat' dir='ltr'>Christo</span> <span class='ocrx_word' id='word_1_261' title='bbox 938 3039 989 3094; x_wconf 88' lang='lat' dir='ltr'>pro</span> <span class='ocrx_word' id='word_1_262' title='bbox 1007 3023 1063 3077; x_wconf 87' lang='lat' dir='ltr'>suis</span> <span class='ocrx_word' id='word_1_263' title='bbox 1079 3024 1199 3078; x_wconf 81' lang='lat' dir='ltr'>alumnis</span> <span class='ocrx_word' id='word_1_264' title='bbox 1217 3025 1320 3080; x_wconf 83' lang='lat' dir='ltr'>facien·</span> 
     </span>
     <span class='ocr_line' id='line_1_30' title="bbox 276 3088 1320 3167; baseline 0.009 -28"><span class='ocrx_word' id='word_1_265' title='bbox 276 3088 341 3140; x_wconf 82' lang='lat' dir='ltr'>dum</span> <span class='ocrx_word' id='word_1_266' title='bbox 362 3100 434 3156; x_wconf 78' lang='lat' dir='ltr'>erat,</span> <span class='ocrx_word' id='word_1_267' title='bbox 451 3090 572 3157; x_wconf 86' lang='lat' dir='ltr'>periecto</span> <span class='ocrx_word' id='word_1_268' title='bbox 591 3091 727 3159; x_wconf 83' lang='lat' dir='ltr'>pontificis</span> <span class='ocrx_word' id='word_1_269' title='bbox 746 3091 855 3144; x_wconf 79' lang='lat' dir='ltr'>maximi</span> <span class='ocrx_word' id='word_1_270' title='bbox 873 3092 1016 3162; x_wconf 77' lang='lat' dir='ltr'>exemplari</span> <span class='ocrx_word' id='word_1_271' title='bbox 1030 3091 1114 3147; x_wconf 85' lang='lat' dir='ltr'>Hehr.</span> <span class='ocrx_word' id='word_1_272' title='bbox 1136 3095 1212 3167; x_wconf 78' lang='lat'><strong>7‚25.</strong></span> <span class='ocrx_word' id='word_1_273' title='bbox 1229 3097 1320 3154; x_wconf 60' lang='grc'><strong>934..</strong></span> 
     </span>
    </p>

    <p class='ocr_par' dir='ltr' id='par_1_6' title="bbox 231 3157 1325 3993">
     <span class='ocr_line' id='line_1_31' title="bbox 231 3157 1322 3224; baseline 0.006 -15"><span class='ocrx_word' id='word_1_274' title='bbox 231 3164 234 3173; x_wconf 74' lang='grc'><strong>“</strong></span> <span class='ocrx_word' id='word_1_275' title='bbox 273 3157 398 3210; x_wconf 75' lang='lat' dir='ltr'>Fortasse</span> <span class='ocrx_word' id='word_1_276' title='bbox 418 3158 497 3210; x_wconf 85' lang='lat' dir='ltr'>etiam</span> <span class='ocrx_word' id='word_1_277' title='bbox 515 3170 728 3213; x_wconf 86' lang='lat' dir='ltr'>consentaneum</span> <span class='ocrx_word' id='word_1_278' title='bbox 747 3159 885 3214; x_wconf 85' lang='lat' dir='ltr'>nonnuliis</span> <span class='ocrx_word' id='word_1_279' title='bbox 904 3163 993 3217; x_wconf 81' lang='lat' dir='ltr'>visum</span> <span class='ocrx_word' id='word_1_280' title='bbox 1014 3172 1068 3224; x_wconf 84' lang='lat' dir='ltr'>est,</span> <span class='ocrx_word' id='word_1_281' title='bbox 1087 3162 1213 3219; x_wconf 80' lang='lat' dir='ltr'>Messinm</span> <span class='ocrx_word' id='word_1_282' title='bbox 1229 3165 1322 3218; x_wconf 82' lang='lat' dir='ltr'>Musis</span> 
     </span>
     <span class='ocr_line' id='line_1_32' title="bbox 274 3225 1321 3305; baseline 0.006 -26"><span class='ocrx_word' id='word_1_283' title='bbox 274 3225 424 3294; x_wconf 76' lang='lat' dir='ltr'>enenspiunr</span> <span class='ocrx_word' id='word_1_284' title='bbox 437 3226 536 3281; x_wconf 88' lang='lat' dir='ltr'>imitari</span> <span class='ocrx_word' id='word_1_285' title='bbox 551 3229 633 3281; x_wconf 81' lang='lat' dir='ltr'>Erod.</span> <span class='ocrx_word' id='word_1_286' title='bbox 646 3228 739 3290; x_wconf 61' lang='lat'>8280.</span> <span class='ocrx_word' id='word_1_287' title='bbox 753 3247 825 3298; x_wconf 57' lang='lat' dir='ltr'>sqq„</span> <span class='ocrx_word' id='word_1_288' title='bbox 860 3229 1004 3284; x_wconf 87' lang='lat' dir='ltr'>Postremo</span> <span class='ocrx_word' id='word_1_289' title='bbox 1023 3230 1069 3284; x_wconf 81' lang='lat' dir='ltr'>itta</span> <span class='ocrx_word' id='word_1_290' title='bbox 1088 3232 1222 3287; x_wconf 80' lang='lat' dir='ltr'>sententie</span> <span class='ocrx_word' id='word_1_291' title='bbox 1240 3234 1321 3305; x_wconf 80' lang='lat' dir='ltr'>graui</span> 
     </span>
     <span class='ocr_line' id='line_1_33' title="bbox 274 3289 1321 3356; baseline 0.006 -8"><span class='ocrx_word' id='word_1_292' title='bbox 274 3289 341 3348; x_wconf 74' lang='lat' dir='ltr'>curti</span> <span class='ocrx_word' id='word_1_293' title='bbox 359 3301 386 3346; x_wconf 90' lang='lat' dir='ltr'>et</span> <span class='ocrx_word' id='word_1_294' title='bbox 405 3295 588 3350; x_wconf 80' lang='lat' dir='ltr'>sollicitudine</span> <span class='ocrx_word' id='word_1_295' title='bbox 608 3295 775 3352; x_wconf 81' lang='lat' dir='ltr'>Christianos</span> <span class='ocrx_word' id='word_1_296' title='bbox 792 3297 924 3353; x_wconf 77' lang='lat' dir='ltr'>liberarit.</span> <span class='ocrx_word' id='word_1_297' title='bbox 967 3297 1078 3354; x_wconf 81' lang='lat' dir='ltr'>Scilicet</span> <span class='ocrx_word' id='word_1_298' title='bbox 1102 3302 1170 3355; x_wconf 88' lang='lat' dir='ltr'>ratio</span> <span class='ocrx_word' id='word_1_299' title='bbox 1195 3303 1321 3356; x_wconf 86' lang='lat' dir='ltr'>ineunda</span> 
     </span>
     <span class='ocr_line' id='line_1_34' title="bbox 275 3357 1321 3443; baseline 0.011 -29"><span class='ocrx_word' id='word_1_300' title='bbox 275 3372 350 3428; x_wconf 87' lang='lat' dir='ltr'>erat,</span> <span class='ocrx_word' id='word_1_301' title='bbox 371 3357 510 3433; x_wconf 70' lang='lat' dir='ltr'>qutDeus</span> <span class='ocrx_word' id='word_1_302' title='bbox 525 3364 669 3418; x_wconf 81' lang='lat' dir='ltr'>levioribus</span> <span class='ocrx_word' id='word_1_303' title='bbox 681 3377 707 3418; x_wconf 88' lang='lat' dir='ltr'>et</span> <span class='ocrx_word' id='word_1_304' title='bbox 726 3385 794 3436; x_wconf 81' lang='lat' dir='ltr'>quae</span> <span class='ocrx_word' id='word_1_305' title='bbox 812 3368 964 3422; x_wconf 83' lang='lat' dir='ltr'>condonari</span> <span class='ocrx_word' id='word_1_306' title='bbox 982 3386 1061 3438; x_wconf 85' lang='lat' dir='ltr'>posse</span> <span class='ocrx_word' id='word_1_307' title='bbox 1079 3370 1237 3424; x_wconf 88' lang='lat' dir='ltr'>viderentur</span> <span class='ocrx_word' id='word_1_308' title='bbox 1257 3389 1321 3443; x_wconf 85' lang='lat' dir='ltr'>pec·</span> 
     </span>
     <span class='ocr_line' id='line_1_35' title="bbox 274 3429 1322 3510; baseline 0.009 -26"><span class='ocrx_word' id='word_1_309' title='bbox 274 3430 340 3484; x_wconf 85' lang='lat' dir='ltr'>catis</span> <span class='ocrx_word' id='word_1_310' title='bbox 355 3432 390 3484; x_wconf 83' lang='lat' dir='ltr'>ab</span> <span class='ocrx_word' id='word_1_311' title='bbox 408 3429 566 3486; x_wconf 87' lang='lat' dir='ltr'>hominibus</span> <span class='ocrx_word' id='word_1_312' title='bbox 580 3442 732 3502; x_wconf 78' lang='lat' dir='ltr'>postquem</span> <span class='ocrx_word' id='word_1_313' title='bbox 753 3435 866 3490; x_wconf 73' lang='lat' dir='ltr'>Chresto</span> <span class='ocrx_word' id='word_1_314' title='bbox 876 3440 968 3508; x_wconf 85' lang='lat' dir='ltr'>fidem</span> <span class='ocrx_word' id='word_1_315' title='bbox 985 3441 1190 3510; x_wconf 66' lang='lat' dir='ltr'>adjunxissent</span> <span class='ocrx_word' id='word_1_316' title='bbox 1207 3442 1322 3510; x_wconf 83' lang='lat' dir='ltr'>patratis</span> 
     </span>
     <span class='ocr_line' id='line_1_36' title="bbox 257 3499 1320 3578; baseline 0.01 -27"><span class='ocrx_word' id='word_1_317' title='bbox 257 3499 380 3578; x_wconf 49' lang='lat' dir='ltr'>&#39;veniam</span> <span class='ocrx_word' id='word_1_318' title='bbox 405 3500 489 3556; x_wconf 83' lang='lat' dir='ltr'>daret.</span> <span class='ocrx_word' id='word_1_319' title='bbox 531 3503 638 3567; x_wconf 83' lang='lat' dir='ltr'>Etenim</span> <span class='ocrx_word' id='word_1_320' title='bbox 658 3503 757 3558; x_wconf 83' lang='lat' dir='ltr'>Christi</span> <span class='ocrx_word' id='word_1_321' title='bbox 780 3506 913 3574; x_wconf 86' lang='lat' dir='ltr'>supplicio</span> <span class='ocrx_word' id='word_1_322' title='bbox 934 3527 963 3559; x_wconf 87' lang='lat' dir='ltr'>ea</span> <span class='ocrx_word' id='word_1_323' title='bbox 987 3509 1179 3560; x_wconf 88' lang='lat' dir='ltr'>tantummodo</span> <span class='ocrx_word' id='word_1_324' title='bbox 1206 3520 1320 3578; x_wconf 81' lang='lat' dir='ltr'>peccata</span> 
     </span>
     <span class='ocr_line' id='line_1_37' title="bbox 272 3567 1322 3644; baseline 0.009 -23"><span class='ocrx_word' id='word_1_325' title='bbox 272 3567 372 3635; x_wconf 77' lang='lat' dir='ltr'>expiata</span> <span class='ocrx_word' id='word_1_326' title='bbox 390 3573 468 3634; x_wconf 84' lang='lat' dir='ltr'>suut,</span> <span class='ocrx_word' id='word_1_327' title='bbox 504 3589 573 3642; x_wconf 88' lang='lat' dir='ltr'>quae</span> <span class='ocrx_word' id='word_1_328' title='bbox 591 3572 650 3643; x_wconf 86' lang='lat' dir='ltr'>quis</span> <span class='ocrx_word' id='word_1_329' title='bbox 669 3573 848 3628; x_wconf 82' lang='lat' dir='ltr'>commisisset</span> <span class='ocrx_word' id='word_1_330' title='bbox 864 3578 1029 3644; x_wconf 81' lang='lat' dir='ltr'>priusquam</span> <span class='ocrx_word' id='word_1_331' title='bbox 1048 3581 1087 3629; x_wconf 86' lang='lat' dir='ltr'>ud</span> <span class='ocrx_word' id='word_1_332' title='bbox 1106 3576 1215 3631; x_wconf 70' lang='lat' dir='ltr'>Chresti</span> <span class='ocrx_word' id='word_1_333' title='bbox 1230 3595 1322 3632; x_wconf 82' lang='lat' dir='ltr'>sacra</span> 
     </span>
     <span class='ocr_line' id='line_1_38' title="bbox 271 3637 1321 3718; baseline 0.011 -30"><span class='ocrx_word' id='word_1_334' title='bbox 271 3637 433 3690; x_wconf 81' lang='lat' dir='ltr'>accessisset</span> <span class='ocrx_word' id='word_1_335' title='bbox 445 3639 524 3709; x_wconf 75' lang='lat' dir='ltr'>(Epo.</span> <span class='ocrx_word' id='word_1_336' title='bbox 540 3644 561 3704; x_wconf 90' lang='lat' dir='ltr'>l,</span> <span class='ocrx_word' id='word_1_337' title='bbox 568 3642 594 3697; x_wconf 90' lang='grc'>7.</span> <span class='ocrx_word' id='word_1_338' title='bbox 606 3640 641 3696; x_wconf 81' lang='lat' dir='ltr'>ci.</span> <span class='ocrx_word' id='word_1_339' title='bbox 655 3643 711 3704; x_wconf 79' lang='lat'>5,⁵.</span> <span class='ocrx_word' id='word_1_340' title='bbox 725 3641 808 3700; x_wconf 80' lang='lat' dir='ltr'>Hebe.</span> <span class='ocrx_word' id='word_1_341' title='bbox 824 3644 916 3708; x_wconf 55' lang='lat' dir='ltr'>toan.</span> <span class='ocrx_word' id='word_1_342' title='bbox 930 3648 988 3708; x_wconf 75' lang='lat' dir='ltr'>ai).</span> <span class='ocrx_word' id='word_1_343' title='bbox 1026 3647 1119 3718; x_wconf 84' lang='lat' dir='ltr'>itaque</span> <span class='ocrx_word' id='word_1_344' title='bbox 1133 3645 1257 3700; x_wconf 85' lang='lat' dir='ltr'>Christus</span> <span class='ocrx_word' id='word_1_345' title='bbox 1275 3648 1321 3700; x_wconf 86' lang='lat' dir='ltr'>de·</span> 
     </span>
     <span class='ocr_line' id='line_1_39' title="bbox 273 3708 1325 3784; baseline 0.01 -28"><span class='ocrx_word' id='word_1_346' title='bbox 273 3715 399 3775; x_wconf 86' lang='lat' dir='ltr'>precator</span> <span class='ocrx_word' id='word_1_347' title='bbox 418 3708 444 3760; x_wconf 93' lang='lat' dir='ltr'>in</span> <span class='ocrx_word' id='word_1_348' title='bbox 464 3709 540 3762; x_wconf 85' lang='lat' dir='ltr'>caelo</span> <span class='ocrx_word' id='word_1_349' title='bbox 559 3711 722 3765; x_wconf 84' lang='lat' dir='ltr'>constitutus</span> <span class='ocrx_word' id='word_1_350' title='bbox 741 3721 793 3780; x_wconf 87' lang='lat' dir='ltr'>est,</span> <span class='ocrx_word' id='word_1_351' title='bbox 820 3713 867 3784; x_wconf 91' lang='lat' dir='ltr'>qui</span> <span class='ocrx_word' id='word_1_352' title='bbox 885 3715 1034 3767; x_wconf 84' lang='lat' dir='ltr'>leuioribus</span> <span class='ocrx_word' id='word_1_353' title='bbox 1052 3725 1080 3768; x_wconf 81' lang='lat' dir='ltr'>ct</span> <span class='ocrx_word' id='word_1_354' title='bbox 1098 3717 1196 3782; x_wconf 82' lang='lat' dir='ltr'>quibus</span> <span class='ocrx_word' id='word_1_355' title='bbox 1213 3717 1325 3782; x_wconf 75' lang='lat' dir='ltr'>ignosci</span> 
     </span>
     <span class='ocr_line' id='line_1_40' title="bbox 272 3777 1321 3854; baseline 0.01 -28"><span class='ocrx_word' id='word_1_356' title='bbox 272 3790 358 3840; x_wconf 81' lang='lat' dir='ltr'>posse</span> <span class='ocrx_word' id='word_1_357' title='bbox 372 3777 517 3830; x_wconf 83' lang='lat' dir='ltr'>uideretur·</span> <span class='ocrx_word' id='word_1_358' title='bbox 534 3798 649 3832; x_wconf 88' lang='lat' dir='ltr'>suorum</span> <span class='ocrx_word' id='word_1_359' title='bbox 668 3781 822 3835; x_wconf 73' lang='lat' dir='ltr'>anticorum</span> <span class='ocrx_word' id='word_1_360' title='bbox 840 3783 975 3854; x_wconf 85' lang='lat' dir='ltr'>peccetis,</span> <span class='ocrx_word' id='word_1_361' title='bbox 993 3803 1027 3837; x_wconf 90' lang='lat' dir='ltr'>ne</span> <span class='ocrx_word' id='word_1_362' title='bbox 1045 3779 1084 3836; x_wconf 87' lang='lat' dir='ltr'>ilii</span> <span class='ocrx_word' id='word_1_363' title='bbox 1104 3781 1213 3838; x_wconf 75' lang='lat' dir='ltr'>aeterni</span> <span class='ocrx_word' id='word_1_364' title='bbox 1231 3785 1321 3838; x_wconf 86' lang='lat' dir='ltr'>beati·</span> 
     </span>
     <span class='ocr_line' id='line_1_41' title="bbox 272 3843 1324 3920; baseline 0.009 -22"><span class='ocrx_word' id='word_1_365' title='bbox 272 3851 326 3898; x_wconf 85' lang='lat' dir='ltr'>tete</span> <span class='ocrx_word' id='word_1_366' title='bbox 337 3843 507 3914; x_wconf 80' lang='lat' dir='ltr'>exciderent,</span> <span class='ocrx_word' id='word_1_367' title='bbox 524 3848 631 3902; x_wconf 84' lang='lat' dir='ltr'>veniam</span> <span class='ocrx_word' id='word_1_368' title='bbox 646 3869 660 3902; x_wconf 88' lang='lat' dir='ltr'>a</span> <span class='ocrx_word' id='word_1_369' title='bbox 675 3848 736 3902; x_wconf 88' lang='lat' dir='ltr'>Deo</span> <span class='ocrx_word' id='word_1_370' title='bbox 756 3850 910 3920; x_wconf 86' lang='lat' dir='ltr'>impetraret</span> <span class='ocrx_word' id='word_1_371' title='bbox 929 3851 1124 3906; x_wconf 82' lang='lat' dir='ltr'>intercedendo</span> <span class='ocrx_word' id='word_1_372' title='bbox 1142 3854 1155 3902; x_wconf 90' lang='lat'>1</span> <span class='ocrx_word' id='word_1_373' title='bbox 1168 3854 1232 3907; x_wconf 83' lang='lat' dir='ltr'>Joh.</span> <span class='ocrx_word' id='word_1_374' title='bbox 1245 3855 1273 3918; x_wconf 79' lang='lat'>2,</span> <span class='ocrx_word' id='word_1_375' title='bbox 1286 3857 1324 3908; x_wconf 83' lang='lat' dir='ltr'>l..</span> 
     </span>
     <span class='ocr_line' id='line_1_42' title="bbox 274 3913 1322 3993; baseline 0.006 -25"><span class='ocrx_word' id='word_1_376' title='bbox 274 3913 314 3978; x_wconf 81' lang='lat' dir='ltr'>(v.</span> <span class='ocrx_word' id='word_1_377' title='bbox 334 3928 414 3980; x_wconf 84' lang='lat' dir='ltr'>supra</span> <span class='ocrx_word' id='word_1_378' title='bbox 431 3916 455 3982; x_wconf 87' lang='lat'>1,</span> <span class='ocrx_word' id='word_1_379' title='bbox 464 3915 537 3984; x_wconf 79' lang='lat'>276.)</span> <span class='ocrx_word' id='word_1_380' title='bbox 573 3916 625 3970; x_wconf 87' lang='lat' dir='ltr'>Sed</span> <span class='ocrx_word' id='word_1_381' title='bbox 641 3937 709 3987; x_wconf 89' lang='lat' dir='ltr'>quae</span> <span class='ocrx_word' id='word_1_382' title='bbox 722 3931 751 3971; x_wconf 89' lang='lat' dir='ltr'>tu</span> <span class='ocrx_word' id='word_1_383' title='bbox 767 3918 934 3974; x_wconf 82' lang='lat' dir='ltr'>Christianus</span> <span class='ocrx_word' id='word_1_384' title='bbox 944 3920 1033 3974; x_wconf 63' lang='lat' dir='ltr'>,factus</span> <span class='ocrx_word' id='word_1_385' title='bbox 1047 3921 1213 3993; x_wconf 72' lang='lat' dir='ltr'>egregiisque</span> <span class='ocrx_word' id='word_1_386' title='bbox 1227 3943 1243 3977; x_wconf 87' lang='lat' dir='ltr'>a</span> <span class='ocrx_word' id='word_1_387' title='bbox 1257 3925 1322 3976; x_wconf 84' lang='lat' dir='ltr'>Deo</span> 
     </span>
    </p>

    <p class='ocr_par' dir='ltr' id='par_1_7' title="bbox 215 3982 1322 4338">
     <span class='ocr_line' id='line_1_43' title="bbox 215 3982 1321 4072; baseline 0.01 -41"><span class='ocrx_word' id='word_1_388' title='bbox 215 4045 216 4048; x_wconf 8' lang='grc' dir='ltr'><strong>Ἴ</strong></span> <span class='ocrx_word' id='word_1_389' title='bbox 273 3982 439 4035; x_wconf 86' lang='lat' dir='ltr'>ornamentis</span> <span class='ocrx_word' id='word_1_390' title='bbox 453 3986 652 4038; x_wconf 88' lang='lat' dir='ltr'>condecoratus</span> <span class='ocrx_word' id='word_1_391' title='bbox 662 3993 818 4069; x_wconf 62' lang='lat' dir='ltr'>properiter</span> <span class='ocrx_word' id='word_1_392' title='bbox 833 3999 858 4042; x_wconf 87' lang='lat' dir='ltr'>et</span> <span class='ocrx_word' id='word_1_393' title='bbox 878 3993 1022 4072; x_wconf 77' lang='lat' dir='ltr'>poteritate</span> <span class='ocrx_word' id='word_1_394' title='bbox 1043 3992 1199 4060; x_wconf 82' lang='lat' dir='ltr'>peccaveris</span> <span class='ocrx_word' id='word_1_395' title='bbox 1220 4011 1321 4046; x_wconf 83' lang='lat' dir='ltr'>eorum</span> 
     </span>
     <span class='ocr_line' id='line_1_44' title="bbox 271 4050 1322 4196; baseline 0.01 -26"><span class='ocrx_word' id='word_1_396' title='bbox 271 4050 781 4188; x_wconf 59' lang='lat' dir='ltr'>tittedtt&#39;t‘tttittttti:1¹23</span> <span class='ocrx_word' id='word_1_397' title='bbox 799 4056 1322 4196; x_wconf 58' lang='lat' dir='ltr'>i‘trtttt‘tttiti‘titt?tit:</span> 
     </span>
     <span class='ocr_line' id='line_1_45' title="bbox 269 4185 1322 4270; baseline 0.009 -28"><span class='ocrx_word' id='word_1_398' title='bbox 269 4187 325 4242; x_wconf 83' lang='lat' dir='ltr'>ciet</span> <span class='ocrx_word' id='word_1_399' title='bbox 341 4185 374 4253; x_wconf 83' lang='lat' dir='ltr'>(v.</span> <span class='ocrx_word' id='word_1_400' title='bbox 388 4188 469 4242; x_wconf 84' lang='lat' dir='ltr'>Hebe.</span> <span class='ocrx_word' id='word_1_401' title='bbox 483 4191 510 4255; x_wconf 85' lang='lat'>6,</span> <span class='ocrx_word' id='word_1_402' title='bbox 519 4191 545 4246; x_wconf 82' lang='lat'>6.</span> <span class='ocrx_word' id='word_1_403' title='bbox 561 4191 595 4244; x_wconf 87' lang='lat' dir='ltr'>ci.</span> <span class='ocrx_word' id='word_1_404' title='bbox 606 4193 632 4245; x_wconf 88' lang='grc'>8.</span> <span class='ocrx_word' id='word_1_405' title='bbox 644 4203 670 4246; x_wconf 90' lang='lat' dir='ltr'>et</span> <span class='ocrx_word' id='word_1_406' title='bbox 684 4194 788 4264; x_wconf 77' lang='lat'><strong>10,29.)</strong></span> <span class='ocrx_word' id='word_1_407' title='bbox 802 4205 829 4248; x_wconf 89' lang='lat' dir='ltr'>et</span> <span class='ocrx_word' id='word_1_408' title='bbox 844 4199 949 4250; x_wconf 88' lang='lat' dir='ltr'>nultum</span> <span class='ocrx_word' id='word_1_409' title='bbox 964 4208 1003 4250; x_wconf 78' lang='lat' dir='ltr'>est</span> <span class='ocrx_word' id='word_1_410' title='bbox 1020 4196 1184 4266; x_wconf 58' lang='lat' dir='ltr'>piaculum·</span> <span class='ocrx_word' id='word_1_411' title='bbox 1197 4219 1256 4270; x_wconf 83' lang='lat' dir='ltr'>quo</span> <span class='ocrx_word' id='word_1_412' title='bbox 1271 4200 1322 4252; x_wconf 89' lang='lat' dir='ltr'>ho·</span> 
     </span>
     <span class='ocr_line' id='line_1_46' title="bbox 272 4256 1322 4338; baseline 0.012 -30"><span class='ocrx_word' id='word_1_413' title='bbox 272 4275 333 4308; x_wconf 88' lang='lat' dir='ltr'>rum</span> <span class='ocrx_word' id='word_1_414' title='bbox 353 4256 521 4328; x_wconf 82' lang='lat' dir='ltr'>ingratorum</span> <span class='ocrx_word' id='word_1_415' title='bbox 539 4257 680 4314; x_wconf 87' lang='lat' dir='ltr'>huminum</span> <span class='ocrx_word' id='word_1_416' title='bbox 700 4275 808 4331; x_wconf 87' lang='lat' dir='ltr'>peccata</span> <span class='ocrx_word' id='word_1_417' title='bbox 833 4266 975 4334; x_wconf 78' lang='lat' dir='ltr'>expientur</span> <span class='ocrx_word' id='word_1_418' title='bbox 1000 4267 1092 4332; x_wconf 81' lang='lat' dir='ltr'>(Hebr.</span> <span class='ocrx_word' id='word_1_419' title='bbox 1119 4269 1322 4338; x_wconf 58' lang='lat' dir='ltr'>testo-stu</span> 
     </span>
    </p>

    <p class='ocr_par' dir='ltr' id='par_1_8' title="bbox 222 4326 1321 4405">
     <span class='ocr_line' id='line_1_47' title="bbox 222 4326 1321 4405; baseline 0.015 -31"><span class='ocrx_word' id='word_1_420' title='bbox 222 4327 228 4334; x_wconf 83' lang='grc'><em>”</em></span> <span class='ocrx_word' id='word_1_421' title='bbox 272 4326 493 4396; x_wconf 78' lang='lat' dir='ltr'>quandoquidem</span> <span class='ocrx_word' id='word_1_422' title='bbox 512 4333 602 4382; x_wconf 83' lang='lat' dir='ltr'>semel</span> <span class='ocrx_word' id='word_1_423' title='bbox 618 4349 646 4384; x_wconf 83' lang='lat' dir='ltr'>se</span> <span class='ocrx_word' id='word_1_424' title='bbox 659 4331 779 4388; x_wconf 87' lang='lat' dir='ltr'>Christus</span> <span class='ocrx_word' id='word_1_425' title='bbox 798 4335 911 4405; x_wconf 88' lang='lat' dir='ltr'>obtulit,</span> <span class='ocrx_word' id='word_1_426' title='bbox 928 4354 984 4389; x_wconf 88' lang='lat' dir='ltr'>uon</span> <span class='ocrx_word' id='word_1_427' title='bbox 1003 4338 1106 4389; x_wconf 78' lang='lat' dir='ltr'>aterum</span> <span class='ocrx_word' id='word_1_428' title='bbox 1125 4355 1153 4390; x_wconf 88' lang='lat' dir='ltr'>se</span> <span class='ocrx_word' id='word_1_429' title='bbox 1172 4339 1321 4393; x_wconf 85' lang='lat' dir='ltr'>oblaturus</span> 
     </span>
    </p>
   </div>
   <div class='ocr_carea' id='block_1_5' title="bbox 182 4393 532 4468">
    <p class='ocr_par' dir='ltr' id='par_1_9' title="bbox 182 4393 532 4468">
     <span class='ocr_line' id='line_1_48' title="bbox 182 4393 532 4468; baseline 0.014 -21"><span class='ocrx_word' id='word_1_430' title='bbox 182 4446 184 4455; x_wconf 33' lang='lat'><strong>⁴</strong></span> <span class='ocrx_word' id='word_1_431' title='bbox 211 4458 214 4468; x_wconf 29' lang='lat'><strong>⁹</strong></span> <span class='ocrx_word' id='word_1_432' title='bbox 270 4402 310 4447; x_wconf 86' lang='lat' dir='ltr'>est</span> <span class='ocrx_word' id='word_1_433' title='bbox 326 4393 421 4462; x_wconf 82' lang='lat' dir='ltr'>(Hebr.</span> <span class='ocrx_word' id='word_1_434' title='bbox 433 4395 459 4463; x_wconf 90' lang='lat'>9,</span> <span class='ocrx_word' id='word_1_435' title='bbox 468 4396 532 4466; x_wconf 51' lang='lat'>250.</span> 
     </span>
    </p>
   </div>
   <div class='ocr_carea' id='block_1_6' title="bbox 0 0 1412 5056">
    <p class='ocr_par' dir='ltr' id='par_1_10' title="bbox 0 0 1412 5056">
     <span class='ocr_line' id='line_1_49' title="bbox 0 0 1412 5056; baseline 0 0"><span class='ocrx_word' id='word_1_436' title='bbox 0 0 1412 5056; x_wconf 95' lang='lat' dir='ltr'> </span> 
     </span>
    </p>
   </div>
  </div>
 </body>
</html>
