2842 5060
433 37 453 52 ,ι
564 13 574 48 l
722 7 748 50 ι’

643 68 684 78 ,ι
766 59 769 78 l

166 273 183 430 s
213 251 275 398 'so
398 317 729 413 ‘rnrrsroca
750 294 1127 400 annonarios

235 496 376 580 loquens
399 485 620 578 asseveravit,
649 484 796 556 Iudaeos
811 488 879 573 legi
901 509 984 558 rnos.
997 489 1165 582 subjectos
1177 487 1333 562 Peccatni

236 579 318 646 adeo
337 573 560 662 emancipatos
576 571 701 656 fuisse,
732 582 770 638 ut
787 573 974 640 inconsulta
999 575 1145 643 lacerent
1168 599 1255 664 quae
1274 579 1333 646 ille

236 663 389 732 dominus
410 659 677 810 iisimperasset
696 659 729 726 lr.
745 680 775 726 c.
795 657 881 725 illud
902 659 1069 728 hominum
1090 685 1195 749 genus
1212 669 1334 731 temero

78 731 80 742 ¹
197 793 204 808 ι,
236 743 377 835 adduae
389 745 475 810 mala
486 767 529 811 ¹ro
546 752 642 809 untes
662 751 702 808 et'
714 763 888 832 pravarum
903 767 940 812 cu
967 745 1118 814 iditatum
1131 747 1232 815 ardor
1247 771 1334 816 com-

236 835 382 928 pulisset
400 839 612 920 perpetrasse
664 829 770 911 otius,
828 851 902 896 uam
966 831 997 898 ei
1024 833 1176 899 mandata
1205 835 1334 901 ratione

236 943 333 989 usum
353 924 387 982 et
405 917 549 982 consilio
567 935 626 980 con
653 923 753 984 cerat.
832 916 886 982 ale
906 917 1004 982 etiam
1027 919 1088 983 lroc
1110 918 1268 1008 objicias,
1299 930 1337 986 ut

236 1001 412 1075 temeritas
422 1003 482 1068 uni
496 1000 633 1071 alterive
649 1007 738 1066 recte
755 1001 885 1068 crimini
899 1001 1012 1080 detur,
1039 1005 1124 1070 male
1139 1013 1248 1072 tamen
1262 1025 1336 1072 earn

231 1100 290 1160 'tot
301 1088 489 1156 horninibus
504 1087 699 1174 exprobrari
719 1093 800 1172 quot
812 1088 979 1155 hominum
994 1090 1123 1156 nomiae
1138 1083 1177 1159 Ρ.
1192 1091 1226 1158 lr.
1239 1091 1265 1160 l.
1286 1093 1337 1157 lo·
1401 1101 1402 1106 ’

238 1184 361 1265 quatur
378 1168 533 1261 (liciole).
576 1170 663 1238 Nam
684 1172 744 1238 lroc
763 1180 956 1258 argumento
972 1173 1094 1240 Paulae
1114 1181 1337 1278 oppugnatur,

238 1265 374 1351 quinon
390 1260 461 1325 sine
475 1259 605 1323 numine
619 1258 740 1322 factum
755 1278 829 1324 asse
845 1257 1013 1340 docuerit,
1042 1265 1079 1325 ut
1093 1259 1151 1350 qur
1168 1262 1236 1347 legi
1251 1283 1337 1332 mos.

237 1353 396 1438 parerent
410 1353 444 1408 et
481 1343 599 1410 essime
607 1343 769 1409 sentirent
782 1344 1242 1432 etspurcissimevivereut(r.
1252 1349 1337 1432 la).

156 1479 163 1496 .
238 1431 424 1518 Αιιγιιώὶκι.,
477 1449 549 1508 aza,
572 1428 723 1506 Draraiua,
745 1428 849 1510 Grot,
862 1429 1002 1510 Elauer„
1025 1431 1201 1512 Turretin„
1219 1432 1337 1513 Frate,

238 1516 352 1586 liciole.
372 1515 417 1582 al.
438 1508 479 1579 od
495 1512 649 1598 γινώσκω
671 1513 836 1600 explicant
855 1535 916 1580 non
932 1515 1090 1599 approbo,
1110 1525 1224 1582 contra
1239 1536 1336 1584 usum

236 1599 407 1690 loquendi.
449 1598 483 1664 N
486 1620 527 1686 on
542 1608 631 1663 recte
647 1619 722 1678 eos,
751 1605 788 1664 ut
801 1598 882 1664 hanc
897 1597 1205 1687 interpretationem
1223 1602 1336 1667 firma-

236 1693 330 1768 rent,
353 1706 453 1772 quum
471 1681 592 1748 adalia
606 1683 631 1749 1.
646 1689 715 1748 tum
730 1680 867 1748 adhaec
888 1682 972 1751 Hos.
987 1685 1021 1766 8,
1033 1685 1065 1753 2.
1089 1685 1197 1754 Sirac.
1210 1688 1265 1770 28,
1280 1690 1336 1756 18.

235 1773 359 1840 Mattio.
374 1773 408 1852 ⁷,
427 1769 482 1837 23.
500 1767 714 1848 Jon.10,14.
734 1770 815 1836 Am.
831 1769 863 1850 3,
877 1767 915 1836 2.
933 1771 951 1832 l
968 1768 1045 1836 Cor.
1059 1769 1093 1852 8,
1108 1771 1141 1841 3.
1164 1772 1241 1841 Gal.
1253 1773 1289 1856 4,
1301 1771 1336 1842 9.
1401 1781 1402 1794 ³

181 1853 184 1862 ’
235 1874 434 1947 provocasse
447 1863 596 1942 apparet.
640 1850 708 1918 Sed
724 1873 765 1916 ne
777 1853 830 1918 hic
846 1852 975 1940 quidem
990 1854 1015 1922 l.
1031 1852 1090 1925 Ps.
1105 1859 1137 1940 l,
1150 1859 1183 1925 6.
1205 1854 1259 1924 ὅτι
1273 1881 1337 1958 γι-

216 1937 391 2010 odanco
412 1943 503 2028 (Ψ)
525 1933 638 2025 κύριος
655 1927 733 2002 ὁδὸν
753 1936 895 2003 ὁικωίωκΙ
905 1960 974 2004 rem
989 1943 1192 2028 comprobat.
1235 1941 1338 2008 erril

236 2027 324 2094 enim
339 2026 393 2090 laic
413 2023 584 2109 γινώσκειν
603 2028 697 2087 notat
715 2023 781 2088 nisi
801 2025 893 2090 scire.
935 2021 1002 2090 Sed
1017 2024 1106 2112 quod
1120 2049 1239 2092 numen
1256 2049 1337 2092 san-

234 2111 428 2178 ctissimum·
437 2105 792 2197 proborumlrominum
805 2107 904 2172 vitam
915 2112 1044 2174 noverit
1052 2132 1113 2199 pro
1126 2113 1225 2178 causei
1237 2135 1336 2200 prae-

193 2207 197 2230 ¹
235 2198 394 2276 mierum,
421 2213 560 2280 qarornrm
581 2213 640 2279 spe
656 2190 713 2254 illi
731 2192 918 2257 rectissime
935 2192 1113 2280 ducantur,
1140 2202 1338 2263 commemo-

141 2307 143 2318 ¹
234 2274 896 2364 ratur„quemadrnodumdob.35,15.
924 2280 1171 2347 malefactorum
1202 2284 1338 2366 notitia,
1401 2343 1402 2346 ,

86 2411 96 2420 -
166 2359 167 2365 '
235 2387 332 2454 quam
348 2363 594 2441 Deushalreat,
622 2359 1339 2454 procausipoenarumlmpiismetuenda·

233 2471 308 2516 rum
321 2449 470 2538 ponitur.
512 2445 626 2513 Ileicd.
644 2467 743 2534 quarn
759 2443 798 2510 οὔ
814 2442 962 2530 γινώσκω
977 2447 1063 2514 idern
1078 2450 1165 2538 quod
1181 2447 1220 2518 οὕ
1236 2456 1337 2520 θέλω

233 2537 346 2604 valere
361 2555 379 2598 e
393 2555 425 2601 v.
440 2535 493 2598 16.
513 2537 627 2622 patere
641 2528 871 2614 contenderet,
890 2534 1068 2618 rationem,
1136 2538 1199 2604 air.
1216 2535 1338 2624 οὐγὰρ

232 2645 253 2688 o
267 2617 495 2689 θέλω-τοῦτο
510 2616 601 2682 ποιῶ
614 2637 686 2682 cunr
701 2636 790 2691 noce.
807 2603 827 2682 ‘d
862 2613 904 2702 ἂρ
920 2642 1048 2706 κατεργ.
1065 2644 1103 2692 ao
1115 2616 1264 2704 γινώσκω
1278 2647 1336 2688 co«

232 2707 387 2784 haerent,
415 2703 536 2793 parum'
553 2705 781 2791 perspexerat.
858 2723 950 2792 empe
974 2705 1053 2770 haec
1076 2707 1146 2771 illis
1165 2728 1230 2772 non
1250 2708 1336 2773 illn-

103 2807 105 2811 ·
163 2843 165 2854 .
232 2797 395 2869 struatur,
416 2786 475 2854 sed
487 2789 677 2862 firmantur:
697 2793 820 2852 temere
831 2794 865 2853 et
875 2788 1060 2855 inconsulte
1071 2813 1131 2878 per
1156 2801 1228 2866 etro
1243 2793 1337 2879 quod

231 2877 337 2956 laei03
366 2871 577 2961 nequeenim
598 2870 685 2957 quod
707 2879 825 2960 expeto
846 2873 952 2957 facio,
982 2875 1040 2940 sed
1060 2813 1153 2962 quod
1170 2876 1337 2966 detestor,

230 2962 293 3034 lroc
306 2970 445 3051 perago.
485 2955 632 3059 (Nempe
647 2956 678 3022 si
692 2955 803 3023 sobrie
818 2965 852 3023 et
870 2958 1106 3048 circumspecte
1125 2983 1256 3048 agerem
1272 2964 1336 3030 ho-

181 3113 184 3118 .
230 3049 327 3116 nesta
340 3046 452 3134 potius
466 3064 551 3131 quae
570 3041 743 3127 diligerem
759 3063 856 3130 quam
876 3044 1048 3110 inhonesta
1064 3069 1148 3134 quae
1162 3049 1337 3115 abomina-

163 3187 168 3198 ,
230 3151 289 3198 rer
307 3130 529 3218 perficerem).
575 3124 690 3204 Θέλω,
737 3129 866 3192 uoniam
886 3131 917 3194 ei
933 3131 1103 3216 opponitur
1128 3135 1255 3216 μισώ,
1288 3135 1336 3202 ad

229 3217 433 3292 voluntatem
448 3221 483 3277 et
494 3210 668 3277 consilium
681 3149 803 3276 relcrri
814 3213 950 3299 nequit,
971 3213 1059 3301 quod
1079 3216 1138 3282 uhi
1150 3221 1249 3285 rerho
1262 3223 1336 3287 θέ-

231 3301 281 3368 λω
301 3299 438 3368 verbum
456 3293 612 3384 perficere
631 3293 806 3362 declarans
827 3317 868 3362 ex
890 3298 1029 3366 adverso
1048 3301 1178 3369 locatur
1205 3307 1253 3390 (r.
1275 3307 1335 3375 18.

190 3395 208 3406 ''
231 3381 370 3466 Phila,
390 3380 460 3458 13.)Ι
479 3388 591 3464 notat,
618 3380 677 3448 sed
696 3390 832 3469 expeto,
859 3384 1002 3452 desidero
1021 3388 1108 3453 valet
1126 3393 1174 3475 (v.
1194 3398 1264 3460 not.
1286 3392 1335 3457 ad

221 3453 337 3539 'ldarc
357 3492 393 3558 p.
412 3469 532 3553 dim:
565 3465 662 3534 Hanc
682 3467 724 3533 ob
744 3489 876 3537 causam
896 3491 1010 3536 eorum
1032 3473 1209 3562 explicatio
1229 3496 1335 3562 repu-

231 3555 354 3624 dianda
369 3561 438 3637 est,
467 3553 526 3642 qui
545 3550 639 3620 θέλω
655 3550 696 3618 dc
714 3553 1061 3623 inbecillavoluntate
1075 3566 1205 3646 atquae
1224 3563 1334 3628 actio-

155 3659 158 3678 ·
230 3662 306 3707 uem
324 3641 462 3726 gignere
483 3647 627 3726 nequeat
646 3639 862 3724 (scholastici
879 3641 1072 3708 venenatam
1088 3643 1259 3731 dixerunt)
1272 3669 1334 3711 cx-

115 3751 117 3756 ’
229 3731 435 3816 posuerunt,
446 3731 484 3789 ut
500 3723 675 3808 Uolcatio,
697 3746 761 3790 non
776 3731 913 3814 propter
926 3731 1078 3810 argutum
1090 3730 1216 3797 Rciclia‘
1226 3753 1260 3820 p.
1269 3732 1333 3803 42.

93 3845 95 3850 .
230 3817 265 3877 et
279 3813 356 3881 114.
369 3811 598 3896 argumentum
612 3809 776 3878 hominem
790 3832 897 3898 neque
912 3811 1026 3878 eodem
1044 3823 1208 3882 momento
1228 3839 1334 3906 posse

106 3908 108 3918 '
229 3895 316 3964 idem
331 3898 418 3964 velle
436 3902 471 3962 et
489 3894 597 3976 nolle,
623 3916 749 3982 nequo,
778 3917 877 3984 quum
891 3897 1030 3963 honesta
1046 3901 1216 3968 voluntate
1230 3923 1332 3968 com‘-

128 4009 129 4012 ¹
228 3984 349 4072 plexus
362 3982 480 4062 fuerit,
500 3980 674 4044 inhonesta
688 3981 809 4048 facere.
858 3979 946 4047 Nam
961 3983 995 4047 in
1008 3997 1158 4052 sermone
1170 3989 1333 4078 populari

159 4115 161 4126 ,
228 4069 319 4134 nolle
333 4066 421 4156 quod
436 4065 541 4134 velint
552 4072 586 4130 et
599 4067 684 4132 velle
698 4065 785 4154 quod
806 4067 914 4132 nolint
933 4089 991 4132 cos
1008 4067 1164 4156 dicimus,
1193 4075 1228 4138 iu
1251 4075 1331 4161 qui·
1401 4131 1402 4136 ,

98 4159 99 4162 ’
228 4151 292 4220 laus
304 4155 382 4242 plus
394 4149 611 4241 cupiditatum
627 4149 745 4234 ardor,
767 4171 832 4240 quo
847 4153 881 4216 in
896 4155 1006 4218 scelus
1021 4167 1138 4240 ruant,
1159 4181 1256 4246 quana
1269 4181 1331 4224 ra-

227 4235 278 4302 tio
291 4239 411 4340 possit,
432 4257 518 4387 puae
533 4244 623 4302 recta
636 4237 681 4332 iis
694 4246 729 4304 et
741 4235 949 4333 praescribat
958 4247 992 4304 ct
1006 4245 1219 4313 commendet.
1263 4243 1332 4310 Se·
1401 4277 1402 4282 ¹

140 4412 141 4424 ἵ
227 4323 433 4414 necallrppo
447 4321 603 4412 ytddd..
650 4321 719 4392 Vos
732 4328 840 4390 testor
856 4343 968 4390 omnes
985 4327 1139 4412 coelites,
1161 4330 1223 4395 lroc
1236 4331 1331 4418 quod
