2824 5054
93 293 102 326 ⁹
206 317 273 426 am
419 297 1104 436 urrsrouuuuuouuuos
1144 302 1146 306 ¹
1193 431 1198 436 ,

200 520 325 586 ’ficetur
344 499 570 617 repudiandus
589 519 704 596 esset,
728 535 828 615 quum
843 503 990 616 uerbisd
1004 509 1257 615 uponsoiuouer
1271 509 1322 590 εἷς

165 645 168 652 ·
208 601 307 681 δόξαν
322 600 506 669 simulitudo
523 621 541 664 a
559 599 662 684 figulo
674 607 780 686 petua
793 607 1015 669 continuetur.
1058 596 1324 682 MrreMeyerur,

159 684 165 704 ‘
207 709 307 780 puum
328 681 586 770 προετοιμάζεεν
606 705 680 748 esse
703 691 800 752 onte
818 706 941 771 parare
960 682 1105 768 largitus
1126 696 1235 764 esset,
1263 705 1323 750 eos

73 845 75 852 2
109 859 122 877 Α
206 787 418 878 vituperavit,
434 785 582 874 quiiliud
598 772 666 873 r’r'p'd
678 786 866 852 accuratius
881 784 1108 853 detinuissent
1129 787 1241 871 (unte
1260 806 1324 870 pu·

205 878 294 944 ravit
309 875 361 940 vel
377 895 476 962 quum
491 873 640 940 homiues
653 878 784 937 crearet
796 872 909 954 Bezu,
936 872 991 938 uei
1009 871 1205 960 priusquam
1227 871 1321 958 quis·

207 983 271 1050 que
295 960 327 1025 iu
352 960 456 1024 lucem
475 957 631 1024 ederetur
653 978 684 1024 r.
701 960 772 1038 11„
799 957 851 1024 vel
872 957 915 1020 ab
936 965 1088 1037 aeterno,
1118 973 1219 1042 qurum
1235 976 1320 1042 quos

204 1046 356 1112 hemines
379 1043 571 1130 perditurus
591 1051 698 1122 esset,
727 1065 810 1128 quos
826 1042 986 1108 beaturus
1002 1063 1116 1108 seeum
1131 1042 1321 1105 constitue·

175 1133 177 1141 “
205 1143 260 1196 ret
272 1132 304 1211 8,
312 1130 367 1196 29.
382 1129 512 1213 9,.11:).
554 1126 654 1194 Patet
668 1127 754 1192 enim
769 1128 897 1214 aliquod
910 1137 1041 1216 tempus
1056 1125 1198 1194 Paulum
1218 1127 1320 1192 verbo

204 1213 478 1301 προητοίμασεν
496 1213 634 1293 dixisse.
682 1213 755 1297 Ege
776 1210 916 1278 Panium
939 1215 1050 1278 verbis
1079 1236 1109 1280 v.
1125 1214 1179 1278 22.
1196 1219 1319 1300 κατηρ-

204 1299 352 1384 τισμένα
364 1295 412 1375 εἰς
432 1295 603 1364 ἀπώλειαν
622 1304 656 1363 et
669 1320 699 1364 r.
712 1297 771 1365 23.
793 1291 815 1362 ὃ
829 1295 1078 1387 προητοίμασεν
1093 1295 1142 1373 εὶς
1159 1293 1261 1374 δόξαν
1275 1295 1320 1361 ad

204 1382 265 1470 την
279 1407 305 1450 u
330 1383 448 1460 όθεοιν
460 1387 525 1447 τῶν
539 1380 669 1449 αἰώνων
690 1383 777 1471 Epir.
793 1383 825 1464 3,
841 1385 893 1448 li.
910 1382 1097 1468 respexisse
1111 1404 1252 1460 censeo,
1280 1393 1319 1446 ut

75 1501 78 1515 ·
188 1487 287 1558 'quos
328 1477 329 1481 ’
348 1491 407 1534 eus
432 1469 580 1534 homiues
596 1479 707 1534 amare
723 1469 901 1549 voluisset,
927 1490 985 1533 eos
999 1477 1075 1533 autc
1091 1467 1204 1533 mundi
1220 1467 1318 1532 initia

31 2755 33 2762 y
65 2683 70 2689 ·
153 2727 156 2736 .
194 2656 397 2748 dpciuove
417 2659 562 2737 ἐλέους
584 2663 927 2772 sceumreputasset(

202 1556 243 1620 ad
263 1555 469 1642 splendidam
490 1554 709 1626 cmuditionem
731 1575 950 1642 praeparasse
963 1557 1035 1642 Ap.
1048 1553 1193 1634 diceret,
1215 1575 1317 1639 quum

201 1641 287 1714 haue
302 1641 346 1705 iis
360 1641 523 1705 tortunum
549 1641 680 1704 trimum
697 1639 890 1705 decerneret
904 1646 939 1703 et
952 1641 1020 1704 tale
1031 1661 1067 1704 se
1083 1639 1127 1704 iis
1143 1639 1313 1722 ingenium

201 1727 355 1810 daturum
374 1748 447 1790 esse
462 1662 549 1814 apud
564 1747 600 1789 sc
615 1726 850 1806 constitueret,
878 1734 916 1789 ut
929 1725 1016 1790 ritae
1032 1733 1186 1791 aeternus
1202 1725 1314 1812 spien-

200 1811 315 1877 dorem
333 1809 473 1898 adipisci
497 1817 644 1897 possent.
678 1811 810 1885 ,Contra
831 1832 907 1891 eos,
929 1809 963 1874 iu
980 1810 1101 1902 quihus
1117 1810 1199 1875 iram
1216 1831 1311 1872 suam

199 1909 354 1964 exercere
371 1896 548 1975 uoluisset,
571 1905 639 1961 tum
652 1896 813 1984 temporis
827 1897 867 1960 ad
883 1897 1116 1984 sempiternam
1132 1896 1311 1983 perniciem

199 1982 393 2063 adornavit,
424 1991 588 2068 quatenus
607 2002 645 2046 eo
666 1989 815 2069 tempore
836 1989 870 2046 et
890 1982 1021 2046 tristem
1037 1980 1080 2046 iis
1095 1982 1261 2046 fortunam
1279 1991 1315 2065 et

199 2067 369 2152 ingenium
390 2066 589 2148 destinavit,
619 2066 705 2153 quod
721 2076 821 2155 uptus
843 2088 901 2131 eus
922 2064 965 2130 ad
990 2067 1121 2130 tristem
1141 2069 1309 2138 fortunam

176 2152 378 2220 ,adeundam
407 2153 544 2218 iaceret.
587 2149 637 2227 εἰς
662 2146 778 2238 δόξαν]
814 2147 909 2229 Δόξα
935 2152 1108 2239 splendida
1135 2152 1310 2218 beatorum

196 2237 343 2304 eruditio
363 2245 427 2309 est,
440 2238 597 2324 inregno
620 2236 785 2301 messiano
804 2236 937 2323 rituque
956 2238 1159 2326 sempiterni
1178 2238 1253 2319 2⁷.
1276 2236 1311 2316 8,

199 2323 267 2391 18..
313 2323 485 2387 Vocabuio
498 2321 614 2424 paucis
632 2321 815 2426 ipterjeetis
831 2320 941 2387 verbis
954 2325 1097 2410 repetito
1117 2321 1191 2403 (τὸν
1203 2323 1312 2388 utori-
1410 2391 1411 2408 η

196 2429 255 2472 κον
275 2407 354 2492 τῆς
378 2401 502 2493 δόξης
530 2429 659 2472 αννου
679 2445 721 2456 -
741 2401 803 2482 εἷς
831 2403 971 2486 δόξαν)
998 2409 1061 2472 rim
1091 2407 1235 2475 orationi
1266 2404 1309 2476 P.
1410 2415 1411 2495 f

196 2492 373 2580 quaesivit.
419 2491 463 2562 V.
483 2491 538 2558 24.
568 2479 626 2567 οὓς
648 2493 703 2556 καὶ
724 2487 877 2580 ἐκάλεσεν
897 2483 997 2580 ἡμᾶς]
1027 2494 1088 2570 otte
1108 2514 1170 2581 pru
1199 2486 1231 2556 0·
1244 2512 1309 2558 nun

195 2598 257 2665 per
285 2576 420 2664 synesin
449 2575 489 2645 P.
514 2577 670 2664 scripsit,
706 2599 806 2665 quum
836 2574 968 2726 οκεύΙη
997 2575 1117 2746 ἐλέοης)
1135 2601 1209 2727 essp
1234 2572 1308 2642 ἀν-
1409 2633 1410 2636 ,

967 2683 983 2728 o
1030 2685 1186 2743 .a.‚se
1250 2685 1308 2734 αο-

193 2747 284 2812 niam
298 2742 482 2812 Pronomae
498 2747 673 2813 reiatirum
689 2746 730 2813 ad
744 2749 830 2834 ημᾶς
843 2684 1057 2814 accomoddre
1075 2751 1199 2829 voiuit,
1218 2685 1308 2835 dread
1409 2783 1410 2786 ¹

192 2832 359 2919 sequitur.
409 2829 507 2897 Picto
539 2831 627 2898 Phil.
656 2831 685 2899 'c.
703 2833 763 2900 84.
785 2826 880 2916 λόγον
902 2828 967 2918 μήν
986 2829 1072 2900 εἰσιν
1099 2831 1133 2900 ἐν’
1153 2827 1308 2910 ἑκάστοις

193 2909 302 3002 ἡμῶν,
332 2905 379 2993 tie
405 2912 584 2992 ἐλπίδας
614 2911 836 3000 ὀνομάζομεν,·
871 2916 946 2983 Lir.
968 2918 1001 2998 4,
1017 2920 1071 2985 59.
1098 2920 1307 3002 Anxuriuit,

214 3023 274 3068 uae
301 3023 386 3068 nuuc
415 3003 617 3068 Terracinae
645 3011 734 3068 sunt.
785 3000 837 3069 cf.
860 3002 1039 3086 utattnit
1067 3008 1155 3082 itttti.
1180 3025 1223 3090 gt.
1248 3007 1304 3076 ca.

191 3022 224 3172 d.
238 3087 317 3153 440.
338 3090 370 3154 6.
392 3095 427 3152 et
439 3085 640 3152 Rudimuuni
654 3085 887 3154 institutiones
907 3109 958 3169 gr.
972 3090 1031 3154 iat.
1047 3087 1096 3168 li,
1108 3092 1163 3154 20.
1181 3112 1234 3175 sq.
1250 3089 1306 3168 ad.

137 3229 139 3234 ,
190 3170 324 3242 Statio..
374 3169 433 3246 otc
460 3171 530 3237 καί
559 3169 759 3238 ἐκάλεσεν
787 3166 888 3254 ἡμᾶς]
913 3174 940 3241 i.
961 3195 992 3240 e.
1021 3165 1080 3250 οὓς
1106 3172 1152 3240 oo'
1175 3173 1305 3254 μόνον

190 3252 515 3342 προητοίμασεν
547 3249 636 3340 ἡμᾶς
664 3254 714 3333 εἰς
742 3256 841 3329 δόξαν
869 3251 954 3321 ἇλλὰ
976 3261 1032 3323 καὶ
1054 3253 1211 3324 ἐκάλεσεν
1240 3281 1305 3325 nou

189 3339 297 3405 selum
319 3362 379 3405 nos
402 3341 612 3426 praeparavit
628 3363 704 3405 vasa
720 3341 985 3420 misericordiae,
1014 3365 1097 3430 quae
1113 3346 1200 3408 ritae
1219 3369 1306 3410 sem·
1407 3395 1408 3434 η

188 3425 342 3576 pitecusas
358 3424 568 3527 splendorem
582 3435 880 3526 consequerentur,
904 3450 1013 3493 rarum
1029 3431 1129 3494 etiam
1142 3451 1206 3516 pro
1226 3431 1306 3495 tuli·

213 3530 251 3574 us
266 3531 326 3574 uos
341 3532 401 3599 per
415 3511 619 3590 evangelium
636 3513 806 3594 invitavit,
828 3523 864 3577 ut
876 3515 944 3578 vitai
960 3515 1160 3599 sempiterni
1178 3515 1305 3601 potire·

188 3615 263 3660 mur
280 3595 304 3661 i.
326 3617 359 3683 q.
381 3617 444 3669 non
465 3597 571 3660 solum
597 3598 775 3662 destinarit
795 3599 892 3661 nohis
913 3621 1072 3665 summam
1094 3601 1302 3681 felicitatem,

90 3737 91 3750 .
189 3679 248 3746 sed
269 3682 369 3746 etiam
391 3684 536 3760 curavit,
558 3689 594 3745 ut
616 3682 883 3748 inuoseouferri
897 3694 1023 3770 posset.
1066 3685 1163 3750 Deus
1181 3709 1245 3750 non
1264 3710 1302 3752 eu
1406 3743 1407 3768 ,

186 3771 379 3846 contentus,
407 3765 494 3852 quod
518 3768 600 3830 benc
621 3768 717 3831 nubis
736 3769 935 3855 cupivisset,
962 3791 1144 3856 usqueque
1162 3781 1196 3834 et
1213 3773 1302 3836 foetu

186 3872 280 3916 seram
303 3852 399 3916 uobis
418 3852 678 3936 benevolentium
701 3853 893 3920 declararit.
940 3857 990 3942 Ίή
1004 3854 1221 3942 uirium-opus
1236 3869 1299 3936 est,

58 3975 68 3984 -
188 3943 306 4036 utpcr
327 3935 497 4001 Christum
521 3937 667 4004 beentur.
711 3936 781 4022 Qui
804 3939 890 4004 enim
907 3921 973 4001 fide'
988 3939 1214 4022 iutegritatem
1230 3943 1302 4005 udi·
1405 3949 1406 3986 ἐ

186 4041 371 4109 precamur,
408 4023 471 4086 nisi
499 4021 535 4084 cci
563 4021 714 4088 doctrinis
741 4023 873 4101 auditi,
908 4023 962 4086 cui
981 4021 1063 4087 fides
1087 4024 1300 4113 adjungenda

186 4099 256 4170 siti
278 4109 347 4189 (ru,
356 4106 411 4172 14.
423 4106 456 4187 8,
472 4107 544 4188 30.)
590 4102 766 4196 Perperum
777 4109 889 4174 Grata
910 4109 1072 4191 „uocauit
1094 4133 1166 4190 cum
1181 4112 1302 4197 effectu
1404 4119 1405 4182 i

97 4193 114 4242 ¹-
185 4191 316 4256 scilieet
344 4191 366 4258 i.
386 4212 417 4257 c.
439 4191 905 4276 udodedieutinrnperduuit.”
946 4191 1036 4258 Mate
1062 4195 1301 4262 Tdolrecesrer-
1404 4199 1405 4208 ’

184 4275 245 4342 tit:
298 4295 358 4342 uus
378 4276 507 4340 roravit
528 4294 585 4338 noe
603 4297 739 4364 quoque,
766 4279 853 4344 sicut
875 4278 961 4342 alius
981 4284 994 4358 t
1000 4281 1021 4345 i.
1037 4299 1067 4344 e.
1082 4271 1141 4354 οὓς
1157 4276 1299 4346 ἐκάλεσε

185 4360 253 4424 καὶ
274 4295 405 4446 dude).
447 4357 750 4448 Interpuuctiouem
765 4354 825 4438 οὓς
841 4366 896 4428 καὶ
912 4359 1084 4440 ἐκάλεσεν,
1108 4355 1197 4451 ἡμᾶς
1210 4385 1300 4452 quus
