2824 5054
181 347 280 430 'noc
326 409 328 420 .
425 309 721 428 erreroue
746 352 1121 426 aanoueuos

218 523 335 605 ducib,
357 485 487 604 cadara
500 516 635 586 arbitrio
649 521 778 606 captum
795 515 934 584 retineri
946 509 1228 602 intelligeremus,
1251 513 1329 606 quio
1398 557 1399 572 n

1397 83 1399 192 l

1385 317 1399 416 l

220 609 371 676 locabam
386 613 530 685 emeret,
546 606 579 669 ia
594 605 733 669 decocunt
745 603 851 684 odium
867 603 1077 688 concepisset,
1093 601 1261 667 Rebeccae
1276 599 1329 664 di·
1398 641 1399 650 κ

110 727 112 735 r
222 703 308 758 ctum
329 685 406 770 est,
422 694 492 754 lore
516 699 551 754 ut
564 689 708 758 lacobus
731 687 766 764 in
781 688 920 777 imperio
935 694 1044 770 esset,
1066 688 1194 752 Esavue
1208 687 1242 751 iu
1257 707 1329 750 aar·

222 783 338 846 vitute.
382 777 470 842 Hine
490 763 688 842 barrabanum
712 774 878 840 huminum
901 769 1063 838 delectum
1087 773 1132 839 ita
1147 793 1165 836 a
1180 771 1256 838 De'o
1278 770 1329 836 ta-

192 899 203 923 x
223 875 311 930 etum
327 885 418 943 esse,
443 869 479 928 ut
494 882 599 948 neque
615 859 747 944 genecio
761 857 989 949 splendorem,
1011 878 1117 946 nequa
1129 858 1212 923 beno
1225 857 1329 922 male·

140 1001 142 1009 ,
223 973 261 1014 re
282 947 385 1029 lacta,
409 968 519 1034 oreque.
538 966 622 1033 quae
638 945 713 1032 quio
734 943 909 1036 praecipua
932 943 1056 1009 babere
1077 941 1248 1010 videretur
1270 940 1329 1008 de·

222 1057 298 1100 cora
319 1033 548 1122 (praepositus
571 1032 658 1095 enirn
679 1038 732 1096 eet
752 1033 858 1095 irater
879 1037 959 1094 natu
981 1027 1089 1093 minoi
1110 1027 1245 1119 majori)
1259 1047 1329 1092 mu·

101 1123 105 1131 “
223 1128 366 1188 mentum
381 1120 545 1198 lacerent,
565 1114 623 1182 aed
636 1137 692 1182 ccco
703 1116 866 1182 arbitrata
880 1136 938 1180 eoe
951 1115 1109 1198 eligeret,
1129 1115 1164 1180 in
1178 1135 1256 1202 qaae
1270 1133 1329 1179 ao-

221 1205 347 1272 locatote
356 1204 586 1288 propenderet,
606 1223 732 1288 eaeque
748 1201 964 1289 praeteriret,
986 1199 1106 1288 quibua
1119 1199 1258 1286 iniquae
1275 1218 1330 1264 ea-

177 1321 201 1362 ,·
222 1299 291 1370 eet,
312 1290 354 1352 ab
370 1291 444 1378 ipso
461 1287 532 1352 Deo
548 1285 656 1351 edocti
669 1289 768 1376 plane
780 1285 1021 1368 cognoscimus.
1042 1319 1087 1334 ·-—
1129 1282 1169 1350 ln
1185 1284 1244 1349 bac
1259 1281 1332 1350 dia·

220 1373 392 1464 putatione
408 1373 471 1438 Dei
496 1373 688 1457 consilium,
710 1392 775 1459 qno
796 1371 954 1436 nanaccllie
975 1369 1207 1435 tantummodo
1224 1368 1330 1434 borni·

221 1462 319 1525 nibus
338 1479 398 1544 pra
413 1458 548 1524 arbitrio
570 1456 696 1522 aelectio
715 1464 883 1522 aeternam
900 1455 1092 1521 felicitatem
1114 1453 1179 1520 lide
1217 1453 1329 1519 anabl-

118 1589 122 1605 ,
151 1564 154 1574 ’
205 1547 287 1623 ,lom
303 1543 495 1624 decreverit,
517 1541 781 1608 immutabile
795 1539 860 1606 dici
876 1548 980 1629 patet.
1025 1477 1250 1635 Nam-Paubus
1265 1538 1327 1606 eud

219 1627 650 1782 ittltbiblltltlb
665 1625 1328 1782 bilibittibitibiiant:

220 1801 287 1866 Dei
301 1794 467 1865 arbitratu
483 1797 620 1863 delectis
636 1735 875 1886 ’edmpttemam
891 1797 1083 1863 beatitatem
1099 1735 1282 1862 deetiburit
1294 1797 1329 1876 9,

191 1943 195 1953 .
218 1888 353 1954 6.-9..
397 1881 528 1970 Quodsi
543 1883 609 1948 Dei
625 1882 820 1966 nonnullae,
841 1882 997 1972 qemeipee
1010 1882 1156 1964 voluerit,
1176 1881 1326 1970 bomiuee

218 1971 338 2036 beandi
360 1970 535 2036 consilium
556 1968 757 2035 immutabile
779 1976 851 2048 eet,
878 1977 1028 2035 orantum
1051 1967 1170 2032 babeat
1188 1987 1326 2033 necesse

72 2121 76 2126 ,
219 2064 284 2125 eet.
325 2054 445 2142 ltaque
466 2075 566 2142 quum
585 2045 719 2119 aeternio
741 2047 984 2138 lelicitaoslde,
1012 2074 1109 2119 verae
1130 2052 1269 2141 pietatis
1291 2057 1325 2116 et

134 2213 142 2218 ,
218 2143 355 2205 virtutis
382 2141 562 2225 genitrice,
592 2146 802 2225 comparetur
823 2140 995 2226 (1,17.),
1020 2138 1095 2205 lieri
1115 2159 1180 2204 uon
1200 2143 1330 2225 potest,

219 2227 298 2329 quin
323 2226 471 2290 bomines
493 2247 511 2288 a
537 2225 630 2302 Dea,
657 2231 695 2288 ut
716 2222 804 2289 beati
825 2231 956 2304 essent,
990 2221 1111 2288 delecti
1132 2233 1168 2290 et
1187 2223 1325 2291 (lbrieto

216 2313 314 2377 bdem
337 2308 522 2400 adjungant
540 2317 574 2372 et
597 2308 652 2398 pia
670 2306 802 2390 vivant,
824 2305 991 2390 bominee,
1012 2317 1050 2375 ut
1071 2309 1184 2374 miseri
1200 2315 1326 2390 essent,
1350 2371 1356 2380 ,

216 2417 234 2458 a
260 2395 333 2460 Deo
353 2393 526 2483 praeeteritl
547 2393 683 2460 Cbrioto
703 2393 978 2480 lidemxdenegeat
997 2402 1032 2460 et
1053 2394 1202 2482 improbe
1223 2394 1324 2459 tritara

215 2481 407 2555 instituent.
450 2478 517 2545 Sed
534 2479 607 2544 binc
628 2479 675 2566 (9,
687 2479 831 2563 6.-9.)”
844 2480 1022 2546 absolutum
1037 2501 1055 2544 a
1074 2479 1148 2546 Deo
1162 2479 1201 2545 de
1219 2478 1324 2544 bomi-

138 2626 147 2638 ,
215 2567 314 2630 rriirus
335 2588 394 2653 per
410 2563 579 2633 Christum
601 2562 739 2629 beandis
755 2563 930 2630 concilium
946 2575 1075 2652 captum
1090 2585 1166 2631 cesa
1180 2563 1323 2630 noudum

172 2669 177 2679 ·
215 2652 372 2721 αΐΓιοίῑιιι.
417 2649 512 2715 Nihil
527 2651 614 2720 euim
627 2649 661 2714 bi
673 2669 790 2714 versus
806 2651 959 2736 (o.-a.)
972 2647 1160 2734 comment,
1182 2673 1249 2738 (luo
1265 2671 1324 2715 aaa

214 2738 370 2819 relellas,
399 2736 457 2824 qui
480 2735 605 2816 Deum,
627 2755 728 2822 quum
749 2735 917 2824 huminum¹
936 2734 1136 2801 beandorum
1159 2735 1323 2802 delectum

213 2824 357 2903 taceret,
371 2826 504 2905 proaub
519 2819 696 2888 carectitole
708 2825 740 2884 et
750 2819 913 2904 capientia
927 2820 1183 2888 auctore¹Paulo
1200 2821 1326 2922 aliquid

124 2904 129 2924 ⁸
144 2907 147 2924 ’
212 2915 473 3058 ἱςίμικίΐιιηπΐιὲςεε,
492 2904 913 3056 ¹¹i'“{t⁰1f·¹{⁰¹¹¹·b⁰⁸⁸i⁸⁵'‘itm
928 2904 1325 3056 decerneretbonriiurbue

201 3027 206 3038 ι
255 3015 350 3058 mrsu
383 3013 467 3056 rem
489 3013 544 3080 pra
586 3013 603 3054 a
631 3009 1000 3092 rurre,eempreruam
1021 3013 1188 3060 mesariam
1222 3012 1324 3080 mprro

212 3077 402 3144 bominibus
416 3075 653 3163 inhonestaque
662 3076 904 3157 vitamacturre,
917 3069 1165 3144 contenderunt.
1195 3075 1324 3163 Quam·
1397 3075 1398 3082 '

60 3208 64 3220 .
112 3203 115 3211 s
213 3183 311 3249 queem
334 3162 426 3225 beari
446 3182 463 3224 a
482 3157 553 3226 Deo
576 3181 790 3248 quaecuuque
809 3172 1024 3228 coeterorum
1040 3163 1205 3230 bominum
1219 3182 1324 3248 grege

154 3269 158 3305 2
190 3248 195 3260 ‘
213 3249 300 3312 torte
314 3244 459 3310 delectos
474 3245 579 3318 ,beare
594 3246 627 3310 ei
642 3247 827 3312 collibitum
841 3254 948 3324 esset,
975 3247 1113 3316 Paulum
1130 3271 1160 3317 v.
1177 3251 1211 3316 6.
1233 3285 1270 3297 -
1286 3249 1323 3316 9.

212 3327 601 3419 dixioee'diaputatiunis
621 3331 790 3434 paullinae
818 3332 1058 3423 consiliumet
1078 3333 1240 3403 rationem
1255 3331 1324 3416 lin-

211 3417 320 3518 tuenti
336 3416 515 3516 uerisimile
525 3416 631 3485 videar
645 3415 755 3486 debet.
797 3413 957 3484 Iudaicae
971 3427 1089 3508 strrpre
1099 3421 1325 3518 thuscanae,

196 3499 389 3671 illabili
405 3521 546 3667 libb?
569 3499 1325 3667 tilinitllbttntllbrbl'tbblb'l

213 3673 425 3737 vehementer
443 3669 611 3752 dolerent,
647 3672 768 3740 salatia
792 3673 925 3738 allicere
944 3675 1016 3764 Ap.
1041 3677 1160 3745 valuit.
1207 3674 1322 3760 Atqui

213 3757 376 3824 rnaerorio
396 3756 553 3822 solatium
575 3756 608 3822 in
631 3775 669 3819 eu
690 3767 759 3837 est,
781 3765 819 3822 ut
838 3757 877 3823 io·
893 3759 1020 3847 ipsum,
1049 3783 1090 3827 ex
1110 3783 1174 3850 qua
1193 3761 1322 3826 luctum

215 3841 388 3922 hauseris,
414 3841 622 3925 omoripoteati
643 3841 715 3908 Dea
731 3841 891 3928 placuisse
911 3866 947 3910 rc
972 3855 1046 3912 uteo
1069 3849 1191 3931 (uti).
1236 3843 1322 3910 Plus

211 3939 323 3994 tamon
338 3927 398 3993 alii
410 3937 603 4010 argumento
617 3915 742 3994 tribdo.
785 3925 872 3995 Natu
886 3928 915 3996 ei
963 3933 1060 4003 aulos
1074 3931 1184 3998 Deum
1202 3930 1247 3996 iic
1262 3929 1323 3994 ho-

214 4012 357 4078 minibus
370 4013 602 4102 sempiternam
617 4011 810 4079 felicitatem
824 4012 1027 4100 destinasse,
1048 4037 1133 4105 quus
1155 4017 1199 4082 ob
1219 4013 1323 4080 fidem

214 4118 306 4161 arram
329 4107 363 4162 et
382 4099 586 4162 honestatem
607 4089 699 4170 tanto
721 4108 912 4166 ornamento
926 4101 1046 4186 dignos
1066 4105 1138 4169 iore
1151 4101 1323 4182 scivisset,
1348 4103 1352 4112 “

93 4219 95 4228 ,
214 4181 289 4268 b..l.
310 4184 490 4260 enuntiare,
505 4181 685 4265 voluisset,
711 4178 815 4250 multo
837 4183 937 4253 aliter
954 4187 1127 4277 disputare
1146 4186 1324 4252 debuisset

214 4276 317 4354 atque
327 4265 454 4355 dicare:
479 4266 552 4368 tncb
574 4265 683 4372 ipsiuu
701 4269 836 4369 miserit
849 4281 978 4360 poetam
994 4277 1035 4341 ab
1049 4266 1188 4343 Iudaeis
1204 4270 1324 4361 depel-

212 4351 315 4444 lerem
332 4362 365 4418 ot
381 4361 416 4418 ut
429 4351 563 4421 Christo
578 4351 675 4419 bdem
690 4351 908 4445 adjungerent
922 4358 1105 4443 albiceram,
1126 4359 1162 4426 ei
1172 4377 1322 4448 paenam.
