2806 5054
126 324 261 390 me
406 245 1089 424 srr‘sronnshuousnos

186 484 294 589 '[sic]‚
321 484 449 562 unimus
468 506 541 552 cero
560 497 657 552 novus
673 494 709 554 et
728 487 891 571 reponitis
914 484 965 570 (h.
984 507 1016 556 e.
1037 479 1188 569 irasceris
1204 479 1300 566 doeio

179 569 397 652 ἅνθρωπος,
432 568 556 652 nonai
578 571 724 652 πνεῦμα)
746 573 826 637 vivit
846 590 906 660 pro
931 578 982 636 ter
1004 571 1214 638 sanctitatem
1238 591 1301 659 per

94 717 97 724 Δ
129 669 131 676 ’
197 653 495 746 spiritum-Christi
510 657 543 722 in
557 657 666 723 animo
680 657 840 722 effectam.
916 676 1062 742 opp.:-—
1083 677 1301 744 eorpussaue

198 741 335 808 mortale
348 742 559 829 miserumque
572 749 624 806 est
644 764 705 829 pro
730 751 782 810 ter
801 742 1010 810 vitiositatem
1031 739 1128 826 [sic]‚
1156 740 1216 808 sed
1233 737 1321 808 dio.'

198 824 335 908 spiritus
351 825 429 912 [sic]
445 829 531 892 vitoe
551 765 728 893 immorrod

196 920 272 998 pter
291 911 357 976 Dei
379 913 532 996 gratiam.
579 911 752 979 Vocabula
771 905 886 997 νεκρός
907 917 941 977 et
962 906 1028 1000 ζωή
1049 919 1108 979 aut
1127 911 1302 1000 propriam

89 1047 93 1052 .
131 1029 150 1061 -,
196 1002 256 1060 ant
276 998 471 1064 translatam
495 997 560 1064 vim
581 997 725 1064 habeant
746 1018 881 1063 neccsse
907 1005 974 1078 est3
997 1006 1179 1085 utramque
1197 994 1302 1064 simul
1345 1051 1354 1074 .

195 1080 320 1148 hahere
345 1090 525 1170 nequeunt.
544 1161 547 1172 ⁵
567 1081 611 1149 Et
631 1085 782 1150 misorum
806 1105 880 1154 esse
900 1084 948 1170 pii
973 1081 1156 1153 Christiani
1174 1082 1301 1167 corpus

195 1168 344 1253 permale
372 1167 565 1235 contendas.
623 1169 744 1235 Fracta
772 1177 824 1236 est
843 1158 928 1232 duim
951 1163 1112 1236 Peccatus
1132 1167 1303 1254 tyrannis,

134 1295 138 1305 =
195 1252 1193 1428 sennensem·
1209 1253 1302 1404 u:

193 1444 260 1511 pus
275 1421 406 1510 quidem
419 1424 460 1491 ad
476 1425 576 1492 vitam
591 1425 728 1491 honeste
743 1422 977 1492 instituendam
998 1422 1162 1508 infirmum
1184 1386 1217 1491 e'o
1236 1422 1303 1488 mi

195 1530 304 1574 suerum
318 1517 371 1573 eet
384 1518 521 1600 propter
535 1509 730 1592 Peccatum,
758 1510 956 1601 inquilinum
979 1510 1123 1576 nondum
1142 1511 1304 1576 exturba-

195 1601 295 1676 tum,
309 1593 512 1681 sederimus
532 1596 628 1682 opilis
646 1603 698 1682 cst
713 1603 745 1662 et
764 1597 868 1682 foliot,
892 1595 972 1684 quia
993 1595 1218 1678 integritatem
1239 1591 1304 1678 od·
1392 1651 1395 1662 ,

197 1679 268 1764 opti
290 1670 397 1777 estias
426 1683 479 1748 sin
499 1683 566 1748 Dei
592 1681 732 1770 spiritus
753 1680 907 1768 stabilem
928 1678 1039 1746 sedem
1062 1683 1096 1746 in
1120 1680 1214 1748 vobis
1234 1681 1305 1747 ha·-

195 1763 254 1828 hot
269 1773 345 1831 etc..
359 1752 490 1835 nFilso
505 1765 551 1834 V.
565 1766 613 1835 D.
632 1765 733 1853 hujus
754 1767 780 1834 l.
801 1767 1011 1832 cohaerentia
1033 1787 1097 1831 non
1118 1766 1204 1832 satis
1222 1786 1305 1854 per-

195 1851 312 1932 spectis
325 1847 454 1922 Ghrlsti
468 1852 623 1941 spiritum
639 1873 670 1920 v.
684 1852 738 1920 10.
753 1860 787 1917 et
798 1851 953 1952 spiritum
971 1851 1039 1920 Dei
1055 1854 1156 1920 mll.
1177 1851 1225 1917 ita
1247 1849 1306 1916 in«

124 1985 129 1992 .
195 1936 299 1999 vicem
319 1940 442 2027 opponi
460 1937 680 2017 existimavit,
707 1943 745 2002 ut
763 1937 798 2002 in
818 1937 879 2002 rllo
899 1937 1028 2020 minus,
1051 1937 1088 2002 in
1109 1938 1171 2004 hoo
1190 1934 1304 2025 majus

195 2019 339 2087 hominis
367 2023 485 2090 christ.
512 2021 612 2107 decus
639 2023 734 2091 insit'.
788 2021 919 2088 Deinde
941 2023 1000 2088 uhi
1019 2044 1108 2092 voce.
1127 2015 1243 2106 νεκρός
1265 2028 1306 2087 et

90 2140 95 2149 ν
198 2101 265 2194 ζωή
280 2111 443 2174 translate
455 2113 641 2197 ponuntur,
664 2107 853 2195 iissemper
866 2115 926 2174 cort
938 2107 1080 2174 inertiae
1101 2115 1135 2174 et
1153 2105 1305 2173 strenui-

195 2195 299 2274 tatis,
318 2204 376 2262 out
390 2195 545 2261 miseriae
560 2200 594 2258 et
606 2193 779 2259 felicitatis
793 2194 945 2280 notiones
956 2194 1200 2284 exprimuntur,
1220 2215 1304 2256 nus-

195 2302 295 2365 quam
311 2278 463 2368 dispares
476 2287 510 2344 et
524 2281 542 2344 d
557 2279 688 2354 diversa
704 2277 896 2366 metaphorai
910 2286 1007 2345 natae
1022 2278 1176 2344 miseriae
1190 2286 1226 2343 et
1248 2278 1305 2341 in-

104 2429 107 2437 .
149 2365 155 2378 ⁸
195 2367 302 2432 ertiae
320 2365 473 2431 notiones
493 2370 618 2431 temere
640 2364 832 2431 miscentur.
874 2356 963 2430 Turis
984 2364 1115 2453 piorum
1135 2361 1305 2445 Christia-

195 2473 314 2516 norum
332 2472 454 2538 corpus
473 2473 582 2538 neque
600 2450 764 2517 infirmum
785 2471 890 2537 neque
913 2448 1071 2553 miserum
1089 2457 1141 2551 est
1159 2441 1249 2551 (32²⁸
1267 2467 1304 2519 r.

99 2627 101 2632 ·
196 2534 1304 2711 tlllh.‚Pttttltnltltltlll'lelltthlttth'll'lf

196 2707 392 2801 Suhjeotum
413 2709 524 2778 iacere
547 2705 722 2776 maluerit:
740 2743 783 2758 -
810 2703 850 2772 od
868 2707 930 2788 μὲν
945 2705 1047 2792 ,σῶμα
1065 2703 1304 2793 neapolione

197 2798 228 2863 d.
244 2787 297 2873 ia„
319 2791 359 2862 τὸ
372 2796 410 2862 dd
423 2817 478 2860 ror.
495 2793 561 2880 ζωὴ
576 2795 606 2859 d.
619 2792 661 2860 d..
703 2790 798 2861 dW.:
812 2830 855 2842 -
875 2813 997 2881 corpus
1008 2792 1141 2880 quidem
1157 2792 1304 2872 mortiet

195 2879 348 2952 miserior
378 2875 450 2962 (odo
475 2878 625 2946 θάνατον
647 2882 682 2952 et
707 2877 767 2963 τὴν
789 2870 875 2966 ζωήν
897 2899 1028 2967 semper
1047 2879 1137 2967 apud
1157 2876 1303 2960 Paulum

197 2973 337 3034 mortem
354 2973 389 3032 et
400 2966 501 3032 vitam
516 2970 586 3030 tum
604 2961 742 3053 proprio
761 2969 832 3029 tum
850 2963 1014 3032 translato
1032 2986 1135 3032 sensu
1154 2964 1304 3051 comple·

197 3052 244 3119 cti
260 3049 297 3136 [1]
324 3049 415 3118 dicto
430 3051 528 3118 facile
549 3057 619 3132 est,
648 3048 785 3114 dillicile
806 3048 964 3137 probatu)
983 3050 1156 3116 obnoxium
1172 3054 1221 3135 (r.
1242 3070 1304 3114 su·-

197 3149 273 3227 pra)
299 3145 437 3226 propter
463 3135 619 3222 percandi
639 3133 803 3199 libidinem
827 3133 907 3218 [sice
934 3156 967 3201 v.
987 3134 1018 3217 1,
1027 3137 1103 3204 289.
1124 3139 1212 3222 sq.]‚
1239 3131 1303 3200 sed

149 3215 152 3232 '
198 3223 332 3290 artimus
360 3221 437 3290 cioit
463 3226 496 3287 et
520 3215 607 3305 felis
634 3223 684 3284 est
715 3215 805 3301 [sic]
836 3225 975 3306 propter
992 3221 1158 3287 ¹uirtutem
1194 3219 1305 3304 [sie]s'

196 3307 340 3386 Eorum,
362 3307 420 3412 qui
434 3303 652 3396 posteriorem
668 3302 887 3390 interpretum
899 3306 1040 3370 classem
1058 3306 1204 3408 laciuut3
1227 3306 1304 3391 ple-

198 3394 296 3478 rique
310 3389 351 3456 δι’
366 3387 530 3475 αμαρτίαν
541 3399 660 3456 eontra
671 3409 766 3453 usum
784 3389 944 3474 loquendi
963 3396 1023 3457 aut
1041 3412 1104 3480 pro
1124 3392 1165 3480 τῇ
1186 3412 1304 3474 αμαρ-

128 3516 131 3526 ·
199 3475 267 3562 τίᾳ,
291 3476 380 3562 quod
396 3473 506 3558 corre
521 3485 558 3539 et
569 3474 768 3555 Theodorei„
787 3475 879 3540 velut
890 3473 923 3539 in
939 3476 1117 3564 perspicui
1130 3495 1180 3558 re,
1199 3473 1304 3540 Pauli

197 3561 312 3628 verbis
340 3560 549 3627 substituunt
572 3559 741 3647 (ileum),
773 3565 832 3624 aut
856 3580 917 3648 pro
944 3561 1028 3628 κατὰ
1055 3559 1116 3648 τὴν
1134 3551 1304 3644 ἁμαρτίαν

199 3643 317 3731 (Phot.
330 3668 384 3734 ap.
398 3644 496 3715 Oen:
509 3681 552 3694 ··-
572 3639 613 3710 cd
624 3645 684 3724 μὲν
696 3644 793 3726 σῶμα
806 3643 919 3727 νεκρὸν
931 3643 1015 3710 κατὰ
1035 3644 1093 3746 erpo
1114 3639 1301 3730 ἁμαρτίαν·

125 3767 128 3773 s
201 3733 326 3800 ταῦτα
354 3727 430 3816 γὰρ
458 3731 577 3818 δηλοῖ
600 3727 646 3794 τὸ
682 3721 729 3794 dt'
760 3723 986 3820 ἁμαρτίαι·
1017 3730 1207 3821 hujusmodi
1229 3733 1304 3796 lor·
1357 3737 1364 3743 ’

124 3816 300 3888 ansulis
315 3812 386 3884 PP.
405 3837 457 3900 gr.
478 3836 580 3903 saepe
597 3821 753 3894 utuntur,
781 3834 881 3901 quum
902 3836 996 3880 usum
1016 3816 1174 3905 loquendi
1193 3815 1302 3880 inter-

199 3899 361 3990 protendo
385 3909 600 3989 oppugnant:
630 3920 661 3966 v.
680 3899 780 3963 etiam
800 3897 884 3967 ihid.
905 3900 1133 3983 Severianum
1161 3901 1210 3968 sic
1229 3901 1304 3968 Ilo·

124 4057 130 4068 „
199 3987 285 4076 phul.
300 3990 430 4056 Annot.
443 4008 485 4051 ex
501 3983 622 4075 Polyb.
637 3989 670 4049 et
680 3981 848 4068 huelem),
868 3993 926 4050 aut
939 4004 1000 4073 pro
1013 3986 1101 4074 πρὸς
1112 3985 1171 4073 τὴν
1184 3985 1302 4073 ἁμαρ-

45 4099 48 4106 ·
201 4069 275 4138 τίαν
288 4071 498 4158 (Theophpl.,
524 4070 704 4152 Severiano.)
725 4069 869 4155 positum
890 4090 964 4136 esse
986 4074 1161 4160 perhibent
1182 4073 1215 4140 h.
1236 4093 1302 4140 m.:

202 4158 234 4226 oi
248 4153 376 4224 Christi
391 4155 483 4220 mens
494 4155 588 4228 vobis
604 4154 691 4220 inest
702 4175 823 4240 eorpus
837 4153 954 4235 vitam,
977 4179 1061 4244 quae
1074 4166 1208 4245 peccato
1221 4177 1303 4220 cou-

10 4289 19 4296 .
143 4293 179 4327 7
201 4253 369 4322 sacretur,
391 4241 515 4306 nullam
531 4242 647 4319 hahet,
668 4239 798 4304 animus
814 4239 878 4304 vitei
895 4242 1018 4324 gaudet
1032 4243 1114 4329 qcrod
1134 4243 1177 4308 od
1196 4244 1302 4306 cirtu-

150 4361 162 4370 ·
201 4331 268 4396 tcto
281 4329 400 4406 alliciet
413 4325 439 4404 i.
451 4347 584 4417 equae
600 4325 716 4394 virtuti
732 4322 860 4395 dicetur
874 4325 1080 4415 (Theopltyl.:
1093 4366 1135 4378 -
1155 4327 1300 4415 spiritus
1343 4414 1348 4424 ι

718 827 746 893 ie
767 827 993 914 bectitoliupce
1011 836 1128 893 auctor
1147 835 1200 892 est
1220 845 1301 912 pro-
