2806 5054
207 378 272 447 rer
420 353 1153 479 unrsrounan'nouanousss
1191 391 1194 398 ,

171 549 172 552 ’
209 531 400 621 affirmavit.
427 525 577 616 ὑπετάγη
592 570 632 582 -
645 525 702 596 ἐπ’
715 525 850 605 ἑλπίδι,
873 523 927 596 ὅτι
946 531 1002 617 --]
1020 525 1162 616 acljecit
1174 523 1323 596 reMrm-

177 645 179 654 ’
210 617 672 704 dau-inspcmcddnetus,
700 637 788 699 apem
803 615 924 680 indens
945 605 1014 700 (ἐπ’
1034 608 1150 680 ἐλπίδι
1170 613 1214 681 bei
1233 617 1322 702 »ῥοῇς
1388 651 1389 654 =

117 727 119 736 ’
169 709 310 810 aa·
501 705 520 850 a
850 695 1217 851 aa
1234 722 1321 870 ,a

212 809 631 1034 ἕίίίίίίίιᾳίοίνέἓίίῖίί
649 789 722 936 ίὴί)
739 808 925 950 σίσὶίίίσιη,
938 833 1046 934 ut'res
1060 870 1155 934 docet
1170 877 1204 934 et
1218 869 1321 935 verba

29 939 31 948 s
100 982 103 988 ¹
211 957 269 1024 ded
291 952 349 1022 τδν
368 951 478 1022 ὑπστά
499 981 580 1021 αντα
602 955 800 1032 ostendunt,
827 953 917 1039 fore,
944 961 980 1020 at
1001 993 1044 1004 —
1065 953 1171 1040 (Phil.
1188 956 1219 1034 1,
1234 955 1321 1037 20.).

183 1061 189 1075 ·
210 1041 369 1108 Ostendit
392 1051 501 1106 autem
523 1041 618 1106 Deus
640 1041 762 1106 Mundo
787 1039 1048 1106 immortalitatis
1071 1038 1106 1105 ἐκ
1125 1035 1167 1126 τῇ
1181 1035 1321 1104 ἀποκα-

210 1122 317 1214 λύψει
329 1128 394 1191 τῶν
408 1121 489 1192 vicia
501 1128 562 1192 τσῦ
575 1129 661 1192 θεοῦ
675 1124 919 1214 recuperandae
937 1143 1028 1214 spem
1044 1146 1095 1206 eo,
1111 1123 1211 1211 quud,
1225 1133 1320 1212 post·

82 1207 87 1226 '
235 1233 308 1277 uam
324 1209 504 1293 Adamum‚
526 1217 564 1278 ut
578 1213 715 1277 sceleris
730 1232 867 1299 poenam
884 1209 1033 1292 haberet,
1055 1209 1227 1275 mortalem
1242 1209 1321 1275 red·

109 1350 112 1366 .
191 1234 360 1379 diderat,
391 1297 549 1363 Mundum
570 1319 701 1384 quoque
722 1297 970 1361 immortalitate
992 1295 1154 1384 privarit,
1180 1293 1267 1360 unde
1282 1315 1320 1360 se

207 1381 492 1448 immortalitatem
505 1391 573 1447 tum
591 1394 798 1470 recepturum
808 1403 893 1460 esse,
910 1403 1009 1467 quum
1023 1380 1211 1446 hominibus
1224 1388 1321 1446 tanto

207 1467 329 1534 decore
349 1468 460 1554 dignis
481 1466 714 1535 immortalitas
729 1489 748 1532 a
764 1467 839 1532 Deo
856 1467 1011 1530 restituta
1027 1466 1148 1548 luerit,
1170 1463 1320 1531 Mundus

209 1574 348 1641 sperare
369 1552 490 1642 potuit.
549 1553 672 1618 Demtai
702 1542 943 1640 prosopopoeia
964 1543 1128 1616 sententia
1149 1551 1229 1616 hacc
1248 1560 1321 1622 est:

188 1635 275 1728 jam
306 1638 428 1704 dudum
452 1637 544 1703 Deus
568 1635 722 1704 mundum
747 1647 816 1702 turn
836 1658 996 1701 renotare
1016 1635 1178 1716 decrerit,
1215 1658 1319 1723 quum

89 1767 91 1774 ,
210 1745 292 1790 suos
307 1725 395 1789 iiiios
408 1725 644 1788 honestaturus
659 1731 749 1788 esset
761 1743 791 1790 v.
810 1723 861 1790 19.
905 1719 978 1786 Hoc
999 1743 1040 1786 ex
1053 1743 1091 1786 eo
1105 1721 1321 1806 intelligitur,
1391 1747 1392 1754 ¹

209 1806 1321 1981 tillidi‘¹23iamitti‘titl‘ltltitttitttlilt{titi}

388 1942 400 1976 7

207 1977 345 2045 humani
364 1984 486 2044 sortem
508 1979 541 2042 in
586 1987 731 2046 osterum
750 2000 880 2066 quoque
900 1977 1218 2042 accommodaturum
1241 2000 1320 2044 esse

206 2071 298 2130 recte
312 2064 465 2148 colligas,
480 2001 633 2128 mundum
648 2065 801 2129 amissam
813 2063 1092 2128 immortalitatem
1108 2070 1320 2150 recepturum

208 2170 285 2214 esse
299 2146 455 2230 efficitur,
475 2171 573 2236 quum
589 2149 777 2214 hominibus
791 2149 877 2232 (inc.
890 2147 953 2212 Dei
971 2148 1067 2232 fiilis)
1081 2143 1320 2215 immortalitas

208 2255 230 2298 a
251 2233 326 2298 Deo
346 2236 502 2322 restituta
522 2235 635 2302 fdcrit.
672 2237 728 2298 καὶ
748 2228 832 2320 αὐτὴ
867 2228 1020 2315 εκτίσις]
1041 2241 1074 2299 et
1086 2234 1155 2318 ipae
1165 2233 1320 2300 intendem.

207 2317 265 2384 καὶ
285 2313 387 2396 αὐτός
408 2320 440 2384 h.
462 2320 487 2388 1.
507 2340 612 2405 neque
632 2321 701 2401 ipae
725 2339 843 2406 quoquc
898 2309 967 2385 chri
989 2318 1022 2398 2,
1046 2319 1117 2398 15„
1147 2319 1322 2406 nequead

161 2405 164 2418 '
208 2403 295 2488 ipsc,
319 2406 389 2488 ipae
412 2404 491 2470 adeo
511 2403 667 2491 Xenoph.
692 2402 803 2469 Anah.
825 2399 895 2483 2,6‚
904 2404 957 2482 9.,
979 2403 1039 2468 sed
1062 2403 1195 2487 etipse,
1216 2427 1320 2490 caprae

204 2494 306 2574 'atquae
327 2489 412 2554 aliua
431 2487 513 2557 Luc.
532 2492 562 2569 l,
575 2489 630 2559 36.
645 2487 736 2556 Xon.
751 2481 910 2567 Anau'r,
923 2487 956 2568 8,
973 2491 1025 2555 17.
1048 2488 1196 2553 declarat
1210 2491 1319 2553 reior-

206 2571 383 2659 turquead
397 2573 499 2653 alios,
522 2596 660 2661 quorum
674 2571 867 2651 conditioni,
888 2573 984 2653 ritae,
1005 2574 1153 2638 moribus
1169 2573 1258 2662 quod
1276 2589 1319 2639 tu

206 2664 267 2722 aut
280 2679 361 2742 agas
374 2667 432 2722 aut
447 2659 575 2747 patiare
590 2657 802 2747 respondeat.
833 2658 922 2722 Data
930 2657 1056 2724 Mundo
1071 2678 1148 2747 spes
1162 2669 1225 2739 est,
1240 2661 1317 2724 loro
1393 2669 1394 2674 ’

197 2748 245 2806 ut
264 2743 348 2809 sieut
368 2743 435 2808 Dei
458 2744 570 2825 liberi,
598 2747 674 2809 iiam
693 2745 761 2829 ipse
782 2743 1065 2812 immortalitatem
1086 2755 1318 2832 recuperaret.

203 2823 474 2912 Immortalitatis
483 2827 648 2919 jacturam
663 2828 806 2896 Mundus
821 2829 899 2894 iecit
914 2829 1046 2895 Adamo
1060 2830 1318 2896 immortalitate

164 2961 166 2968 ,
202 2909 372 2994 detracta}
395 2935 469 2978 recu
496 2915 604 2980 oratrit
617 2915 1016 2980 amissum-ornamentum
1037 2914 1235 3002 quibusdam
1253 2916 1317 2981 lru-

203 2993 349 3063 minibus
362 2937 588 3084 (Deililreris)
604 2999 854 3065 immortalitate
868 2997 1038 3067 restituti.
1075 2992 1120 3064 ‘H
1129 2995 1237 3077 κτίσις
1252 3023 1317 3066 au-

202 3083 271 3146 tern
287 3084 486 3170 epexegesin
499 3085 645 3150 eontinet
658 3106 722 3150 non
737 3083 829 3162 iilam
844 3085 975 3171 quidem
990 3087 1316 3170 neeessariam(nam

117 3239 121 3253 ⁸
203 3164 307 3258 ἀστῇ
328 3167 436 3236 κτίσει
452 3170 576 3257 exponi
596 3171 806 3234 manifestum
829 3177 882 3233 est
902 3191 928 3233 v.
951 3171 1042 3251 20.)‚
1070 3171 1129 3236 sed
1150 3171 1313 3237 usitatam

127 3253 130 3260 '
175 3307 180 3315 „
202 3257 313 3340 tamen
336 3252 417 3322 Luc.
437 3253 555 3334 24,15.
571 3291 610 3303 -
627 3251 729 3330 αὐτὸς
743 3247 761 3316 ὅ
777 3251 936 3338 Ἰησοῦς
957 3253 992 3340 a‘y
1014 3254 1315 3341 ίσσςσυνσττορεύ-

202 3357 259 3400 ero
275 3333 400 3416 αὐτοῖς.
442 3337 508 3406 Mr.
528 3341 561 3418 6,
577 3339 630 3407 17.
658 3337 709 3406 cf.
725 3338 925 3423 Krraepcrum
938 3339 979 3404 ad
1032 3361 1085 3409 en.
1100 3339 1214 3408 Anah.
1231 3344 1260 3423 Ι,
1276 3345 1313 3424 7,

202 3419 237 3487 7.
258 3417 351 3502 ὑμῶν
371 3423 408 3488 δὲ
426 3423 505 3488 τῶν
518 3415 718 3508 Ἑλλήνων
739 3423 796 3486 καί
825 3422 989 3509 στέφανον
1013 3419 1143 3512 ἑκάστῳ
1161 3429 1312 3508 χρυσοῦν

105 3563 109 3576 „
203 3497 313 3569 ὄσίσω.
358 3505 427 3592 Qui
445 3509 502 3572 καὶ
521 3505 605 3596 αὐτὴ
628 3502 656 3592 ἡ
670 3505 778 3584 κτίσις
792 3509 841 3572 sie
856 3509 1105 3595 explicuerunt:
1119 3549 1159 3562 ψ
1179 3511 1251 3575 iore
1269 3522 1312 3577 nt

200 3589 266 3654 ool
280 3589 361 3673 ipre
372 3589 518 3657 Mundus
531 3593 555 3660 i.
569 3614 600 3659 c.
615 3615 677 3658 aon
691 3593 1070 3676 iemiaestoatammode‚
1083 3596 1310 3662 verumetiam

200 3670 348 3740 Mandas
365 3676 544 3742 dominibus
561 3678 716 3753 deterior,
737 3676 859 3766 quippo
880 3689 987 3744 mente
1000 3685 1033 3744 ct
1045 3701 1145 3746 sensu
1162 3676 1310 3748 destitu-

200 3762 257 3822 tus
274 3758 544 3844 (Theopirylectus
563 3759 640 3851 post
654 3761 782 3844 dhrym:
805 3759 877 3842 οὐχί
897 3760 939 3828 ori
954 3756 1072 3844 μόνος,
1095 3760 1182 3830 ἀλλὰ
1195 3767 1254 3831 καὶ
1266 3764 1306 3835 τὰ

198 3841 458 3932 καταδεέστερόν
488 3867 551 3911 σου
576 3849 633 3912 καὶ
661 3842 700 3910 τὸ
730 3842 860 3931 depexos
882 3849 938 3913 καί
958 3843 1207 3934 ἀναίσθητον.)ε
1237 3852 1310 3936 ipse

198 3928 277 3992 udae
293 3926 450 4011 Mandas,
471 3931 554 4018 quod
566 3931 654 3996 dictu
668 3930 866 4011 inopinatam
881 3939 930 3998 ert
946 3941 977 3999 et
993 3933 1142 4000 mirabile
1154 3935 1307 4019 (Koella.

128 4099 130 4104 Α
197 4009 314 4080 liciole.
336 4012 497 4100 Meyer.):
519 4016 568 4080 vei
586 4016 654 4100 ipre
675 4013 837 4098 Mundae,
865 4015 995 4104 quisti
1017 4018 1188 4086 subtiliter
1209 4016 1308 4106 loqui

196 4097 379 4184 placuerit,
420 4099 553 4165 liberati
570 4100 697 4186 aequit,
733 4121 830 4188 qucum
858 4103 999 4168 homines
1019 4107 1146 4188 possint
1190 4102 1229 4169 ld
1236 4105 1305 4187 W.;

94 4193 100 4199 '
195 4187 231 4244 at
245 4179 369 4247 Mundo
385 4203 546 4271 personae
571 4189 683 4270 partes
703 4182 799 4250 datae
813 4191 922 4268 sunt),
949 4189 1115 4254 notionem
1137 4211 1154 4252 a
1206 4191 1307 4257 ,dis-

192 4267 365 4352 putatione
386 4268 527 4334 alienam
543 4267 577 4332 in
592 4269 677 4332 hunc
692 4269 717 4338 l.
732 4270 934 4352 intulerunt,
954 4294 1029 4340 esse
1047 4273 1162 4339 mundi
1177 4276 1305 4342 macini-
1335 4315 1338 4322 ‚

171 4443 173 4452 ‚
193 4368 269 4416 uam
290 4355 368 4440 quia
392 4374 499 4441 neque
513 4362 627 4420 mente
641 4374 748 4441 neque
762 4377 861 4424 sensu
877 4357 1029 4445 praedita
1042 4358 1090 4426 sit
1108 4358 1320 4428 horninibus
