2814 5056
91 463 95 470 ,
216 383 280 450 rea
428 339 1117 444 seraranan-naeniam

5 925 6 988 i
74 982 76 992 ¹
129 1041 138 1052 ,
219 968 394 1034 bisantem
409 959 628 1036 τακτικοῖς
642 961 679 1026 ὀί
693 983 764 1036 τοις
779 959 950 1045 aienciaci

218 539 400 608 doctrinam
410 535 530 604 cliniis
540 531 751 623 'exponerent
762 533 803 597 ad
818 555 854 598 se
868 527 1186 601 arcessireritiiom.
1201 533 1253 615 1⁰,
1269 533 1320 600 14.

219 650 286 715 sq..
314 624 391 692 Nea
406 623 525 688 melius
542 623 593 690 iiii
610 643 650 686 ex
669 618 776 686 lCor.
788 623 816 696 1,
830 619 886 685 24.
915 621 1137 702 argumentati
1152 627 1242 694 sunt.
1267 615 1322 682 lbi

219 735 300 780 sane
315 701 412 776 αὐτοὶ
426 708 463 774 δὲ
477 703 511 773 ai
534 703 797 792 κίητοίίιιάοοίτ
812 715 846 769 et
862 703 1231 792 paganisopponuatur.
1254 703 1323 772 Sed

218 819 284 866 non
300 796 507 882 cogitarunt,
531 815 580 859 vs.
596 793 640 854 22
652 791 755 856 ..aa
777 790 899 854 muniri
912 809 1046 855 versum
1059 794 1126 858 21..
1161 789 1322 875 itaquc'v.

138 904 144 920 ¹
218 885 276 951 23.
291 881 346 946 24.
364 874 521 945 Ἰουδαῖοι
535 878 591 940 καί
607 873 691 963 aava
702 873 909 971 'respondent
922 874 970 960 τῷ
986 872 1102 958 κόσμῳ
1116 877 1228 955 v.2r.,
1251 895 1322 937 rer-

733 963 747 978 ”
981 960 1039 1026 ‚ad
1053 959 1133 1036 τοὺς
1148 959 1322 1024 πιστεύον·

219 1075 281 1130 τας
291 1073 327 1118 τ.
337 1052 391 1113 21.
406 1048 586 1114 revertitur
601 1046 759 1130 (ammam
781 1045 916 1108 adverte
930 981 978 1108 asi
992 1042 1163 1130 αὐτοῖς).
1209 1043 1323 1128 Quare

164 1139 167 1147 '
220 1135 383 1206 sineulla
401 1133 619 1215 ambignitate
642 1131 791 1195 homines
805 1130 922 1195 christ.
941 1129 974 1197 ir.
990 1131 1014 1196 l.
1037 1130 1185 1194 homines
1203 1130 1322 1194 divini·

220 1231 276 1290 tus
291 1227 444 1287 evocatos
461 1217 631 1284 nominare
656 1214 693 1282 Ρ.
708 1216 835 1302 potuit,
864 1235 963 1302 quum
978 1214 1055 1302 qaia
1078 1213 1120 1278 ab
1136 1214 1275 1283 Irrrtaeis
1290 1221 1324 1278 et

245 1306 362 1393 egenis
374 1305 471 1370 ‚clare
491 1305 742 1382 discernuntur,
771 1307 840 1364 turn
863 1301 1017 1386 qnoniam
1040 1301 1152 1366 verbis
1173 1296 1323 1375 αὐτοῖς

218 1332 265 1460 gi
286 1393 378 1466 τοῖς
399 1389 576 1476 κλητοῖς
594 1387 636 1450 ad
658 1385 736 1462 τοὺς
747 1381 973 1462 πιστεύοντας
984 1407 1014 1452 v.
1027 1386 1082 1452 21.
1100 1385 1205 1462 redit,
1227 1384 1323 1448 cu'os

218 1477 371 1550 vocabuli
388 1475 478 1540 aetio
494 1473 668 1562 perspicua
680 1480 745 1537 est.
773 1469 871 1554 Quae,
884 1470 914 1534 si
928 1471 1155 1562 perspexisset
1163 1407 1324 1535 arrectior-

139 1581 143 1592 ’
219 1570 289 1642 tas,
312 1581 464 1626 aeneum
489 1555 603 1634 αὐτοῖς
624 1555 830 1622 offerrdisset.
877 1554 1047 1620 Postremo
1067 1554 1324 1621 maleaeiii'em.

218 1649 254 1729 8,
274 1650 329 1712 ὅθ.
351 1646 406 1714 καί
428 1635 492 1720 οὓς.
507 1643 659 1717 ἐκάλεσε,
691 1638 832 1716 τούτους
852 1643 908 1705 καί
929 1639 1123 1708 ἐδικαίωσεν
1140 1659 1325 1730 'provoces,

220 1755 305 1820 quae
323 1751 353 1797 v.
366 1730 523 1794 neminem
546 1749 628 1808 aaa,
656 1746 752 1812 quaem
777 1725 870 1790 Deus
888 1726 1089 1808 evocaverit,
1117 1726 1283 1810 integrum
1304 1746 1326 1790 a

220 1832 295 1898 Deo
313 1826 458 1918 judicari
479 1827 628 1893 doceant.
656 1824 758 1889 'Nam
780 1836 850 1891 toto
872 1826 897 1891 i.
912 1823 951 1893 P.
968 1823 1010 1893 de
1032 1830 1128 1903 τοῖς
1150 1817 1327 1915 ἀγαπῶσι

219 1917 294 1983 τὸν
315 1909 421 1980 θεόν
445 1911 608 2002 disputat.
631 1910 719 1975 Male
732 1913 877 1977 [isterius
890 1912 915 1982 1.
932 1909 1077 1978 c.Panio
1090 1912 1167 1992 τοὺς
1183 1909 1327 2000 ciaconio

114 2051 118 2080 .
220 2001 370 2068 homines
385 2017 478 2080 esse,
501 1998 621 2084 quibus
637 1995 730 2060 Deus
746 1996 860 2060 stabili
875 1996 1008 2062 decreto
1022 1999 1257 2086 sempiternam
1276 1999 1325 2062 ie-

114 2099 117 2111 “
219 2087 382 2154 licitatem
406 2083 605 2164 destinarit,
636 2088 673 2169 nt
687 2067 831 2146 citatam
850 2083 988 2148 salntem
1009 2105 1050 2146 ne
1060 2085 1184 2166 possint
1197 2085 1326 2170 occident

219 2191 372 2256 respuere
391 2168 570 2269 perhibuit.
615 2165 701 2228 Nam
723 2175 918 2254 aspernatos
941 2189 1016 2234 esse
1039 2169 1215 2232 nonnullos
1231 2169 1326 2230 obta-

220 2265 287 2322 tam
312 2257 504 2318 beatitatem
528 2251 566 2318 P.
587 2249 684 2314 dccet
700 2249 796 2315 Rom.
814 2255 865 2330 10,
887 2255 949 2319 16..
993 2251 1152 2316 Licuerat
1175 2254 1279 2330 igitur
1293 2255 1326 2320 ei

221 2344 282 2414 hos
297 2359 429 2426 quoqne
444 2331 586 2426 κλητούς
602 2337 790 2416 nominare,
814 2339 936 2424 quippe
951 2359 1013 2402 non
1030 2339 1167 2402 minnsa
1186 2339 1258 2402 Dec
1274 2339 1325 2402 in-

220 2427 363 2503 vitatos,
399 2441 495 2508 qrram
518 2423 574 2509 qui
596 2423 739 2486 oblatam
764 2421 984 2486 corrditionem
1006 2423 1222 2509 accepissent.
1277 2423 1363 2488 Ut.

219 2511 311 2576 brevi
328 2508 527 2596 praecidam.
558 2503 634 2571 Non
649 2507 855 2571 commiscuit
872 2504 909 2572 Ρ.
926 2507 1076 2573 diversas
1093 2511 1258 2573 hominum
1274 2511 1327 2574 in-

120 2600 128 2623 ‘
219 2598 406 2662 citatorum·
419 2594 500 2672 (cciv
520 2590 661 2678 κλητῶν)
683 2598 717 2656 et
737 2593 907 2657 electorum
927 2593 1008 2680 (τοῖν
1022 2593 1195 2678 ἐκλεκτῶν)
1217 2594 1327 2659 notio-

219 2703 298 2760 nes,
319 2679 377 2743 sed
391 2673 436 2766 goi
454 2675 569 2759 κλητοί
589 2682 774 2743 constanter
788 2677 820 2740 ei
841 2678 1040 2742 honorificos
1074 2679 1082 2701 “
1110 2671 1326 2743 ristiacorcim

220 2775 258 2830 ut
272 2765 436 2829 hominum
454 2760 605 2827 divinitas
619 2761 889 2828 arcessitarnms.
902 2763 1077 2828 incitatore
1122 2765 1244 2828 titulus
1260 2775 1327 2845 est,

220 2847 491 2938 quernadmodnm
520 2849 604 2909 aiias
627 2844 811 2911 Christiani
834 2841 1004 2930 connect
1024 2861 1059 2912 ut
1085 2851 1231 2913 honrines
1252 2850 1327 2938 side

220 2935 400 3020 conspicui,
430 2928 463 2997 οί
485 2928 634 2996 ἐκλεκτοί
655 2932 848 2996 athenaeas
868 2953 912 2995 aa
931 2933 1145 3016 improborum
1160 2935 1327 3000 hominnm

218 3021 393 3086 calincione
414 3017 529 3082 detecti
545 3018 653 3102 Apes..
672 3017 809 3096 17‚14.,
832 3011 867 3080 oi·
886 3015 979 3101 ἅγιοι
999 3023 1036 3082 aa
1054 3020 1124 3083 Deo
1145 3021 1328 3085 consecrati

219 3101 560 3192 aliisqaenomiriibus
598 3099 748 3182 tThess.
761 3105 787 3180 1,
803 3101 837 3168 4.
861 3099 975 3182 cota,
992 3103 1059 3189 12.)
1083 3105 1261 3169 honorifice
1273 3105 1327 3168 di-

121 3184 125 3219 '·
219 3201 351 3255 cuntur.
395 3184 584 3272 Nusquam*
614 3219 625 3251 ·.
641 3185 721 3261 ’τοὺς
734 3181 876 3271 cinnano
889 3191 960 3263 τοῖς
976 3184 1140 3264 ἐκλεκτοῖς
1154 3191 1326 3277 opposuit,

217 3283 258 3340 nt
272 3274 356 3340 iliud
377 3293 446 3339 τοο.
459 3291 522 3334 nco
544 3289 681 3355 mappae
694 3269 802 3354 scapis
815 3273 942 3356 cuipam,
965 3274 1025 3334 hoa
1039 3283 1205 3356 spectatae
1213 3278 1327 3360 pieta-

219 3361 265 3426 tis
284 3358 426 3424 homines
448 3355 645 3447 declararet.
702 3353 771 3418 lma
796 3357 887 3419 iliius
911 3357 1038 3422 farinae
1066 3357 1213 3423 homines
1242 3359 1328 3437 τούς

189 3483 190 3488 1
220 3439 401 3524 ἀδοκίμους
430 3439 542 3506 lCor.
564 3441 595 3519 9,
612 3439 685 3520 27„
707 3440 835 3504 2Ttm.
849 3441 881 3518 3,
896 3441 946 3522 8.,
969 3442 1029 3505 hoc
1055 3463 1158 3523 gentis
1172 3443 1251 3519 τοὺς
1267 3447 1327 3509 δο-

78 3579 90 3600 s
140 3583 143 3593 .
220 3524 338 3609 κίμους
363 3527 473 3593 lCor.
494 3529 544 3605 ti,
559 3529 611 3591 19.
634 3525 773 3593 vocarit.
823 3523 942 3611 Neque
959 3529 1133 3628 peculiare
1147 3528 1189 3594 iis
1205 3551 1327 3596 nomen

219 3612 390 3700 imposuit,
415 3612 471 3698 qui
484 3611 627 3676 oblatam
643 3611 785 3674 sairrtem
799 3621 969 3696 aspernata
984 3623 1107 3694 essent,
1129 3613 1188 3679 sed
1203 3637 1273 3697 ees,
1291 3624 1328 3680 et

220 3709 310 3802 recte
331 3697 483 3800 quidem,
509 3696 552 3760 ad
572 3692 651 3772 τοὺς
673 3692 839 3772 ἀπίστους
853 3698 1003 3778 rettulit,
1028 3701 1148 3786 quibas
1165 3703 1329 3789 opposuit

180 3807 182 3809 ·
218 3805 297 3860 τοος
312 3803 465 3856 neocaes.

310 3867 355 3936 V.
370 3865 425 3933 29.
445 3874 480 3931 et
498 3865 554 3933 30.
587 3863 757 3929 Firmatar
770 3864 971 3952 praecedens
994 3871 1040 3952 (a.
1060 3868 1133 3951 28.)
1154 3873 1328 3938 sententia

219 3953 254 4023 ir.
271 3975 332 4020 m.:
353 3951 540 4017 hominibus
554 3951 611 4036 qui
625 3949 734 4014 Deum
750 3950 984 4034 diligamns.
1002 3955 1060 4039 qai
1081 3976 1099 4019 e
1115 3954 1180 4020 Dei
1195 3956 1329 4024 decreto

187 4091 191 4094 -
218 4039 351 4105 invitati
370 4038 416 4124 (s.
431 4036 573 4123 evocati)
594 4035 663 4100 sint
682 4035 733 4100 vei
749 4037 966 4120 gravissimos
979 4060 1076 4104 casas
1090 4039 1251 4127 prodesse
1274 4046 1327 4130 (r.

218 4125 291 4208 28.)
310 4145 352 4208 en
368 4145 407 4188 ee
424 4124 549 4200 elucet,
573 4119 660 4224 quod
681 4141 758 4207 patos
778 4122 870 4186 Deras
894 4124 1020 4188 decreta
1041 4145 1097 4190 scae
1120 4133 1219 4194 antea
1236 4149 1328 4192 eom-

217 4210 334 4294 paras
346 4218 394 4276 est
408 4218 574 4290 aeternam
587 4205 630 4272 ris
639 4205 829 4271 felicitatem
843 4207 1183 4291 largietnrv.29.30..
1207 4211 1328 4296 Quid-

220 4295 254 4360 ni
268 4295 372 4378 igitur
386 4295 481 4358 Deus
495 4309 654 4356 summram
674 4290 741 4378 piis
756 4291 958 4359 Christianis
973 4305 1197 4362 cassamentum
1216 4297 1327 4364 datu—

197 4407 199 4414 ’
218 4398 277 4449 rna
290 4401 359 4447 amn
374 4378 474 4446 malta
488 4377 646 4477 anianaem-
656 4377 890 4464 iisccneedat,
911 4389 948 4445 ut
963 4380 1100 4447 acerbos
1113 4381 1214 4471 hujus
1230 4384 1327 4452 vitae
