2842 5060
223 379 270 450 oo
358 415 375 436 0
434 319 1116 460 urrsnouunuuouAnos

223 540 391 610 tummodo
413 537 515 608 Pauli
542 561 614 606 oum
634 537 819 606 Platonicis
846 544 1078 626 congruerent.
1120 533 1220 603 'Nam
1248 555 1325 602 coru

144 671 148 686 ‚
222 629 297 695 fieri
312 627 494 718 potuisset,
517 632 553 692 ut
567 624 607 694 P.
621 625 782 692 invitante
799 647 969 716 re'corpus
985 625 1072 712 quod
1096 623 1201 688 oculis
1223 643 1345 686 usur-,
1374 633 1380 648 ·

222 720 323 804 petor
344 710 401 778 τὸν
423 709 486 789 ἔξω
507 705 702 797 ἄνθρωπον,
733 717 892 790 mentem,
920 732 1003 798 quase
1023 711 1114 774 intus
1136 709 1169 772 in
1192 709 1324 772 homine

161 835 167 848 ·
222 807 294 880 est,
315 795 375 864 τὸν
391 793 458 863 ἔσω
472 787 655 882 ἄνθρωπον
670 794 814 875 diceret,
836 795 1104 883 quemadmodum
1116 791 1225 860 Plato.
1255 789 1324 856 Sed

220 884 421 950 concordent
446 881 635 948 sententiae.
693 880 780 946 Nem
806 879 847 948 P.
874 902 1004 968 quoque
1032 887 1172 946 mentem
1194 899 1325 967 puram,

219 989 359 1058 eorpus,
382 976 420 1032 ut
435 965 521 1054 qarod
537 972 744 1054 peecatorum
760 967 973 1031 invitamenta
988 965 1190 1044 contineret,
1216 964 1325 1049 impu-

219 1076 293 1120 rum
312 1054 421 1119 animo
435 1050 624 1116 informavit
639 1053 686 1137 (v.
697 1054 831 1141 supra).
881 1050 1012 1116 Deinde
1028 1049 1200 1114 distinctio
1220 1051 1324 1112 trium

136 1202 145 1208 .
219 1139 365 1206 hominis
384 1138 528 1226 partium
550 1135 816 1218 1Tness.5‚2⁵.
840 1136 926 1202 harad
951 1135 1049 1204 dubie
1065 1133 1234 1200 Platonica
1259 1142 1324 1202 est.

220 1225 309 1291 Tum
333 1246 414 1290 usus
437 1220 606 1312 Adjootivi
628 1217 772 1308 ψυχικάς
786 1221 938 1288 Platonis
959 1220 1156 1286 sententiam
1178 1218 1324 1290 redolet.
1344 1215 1347 1222 ’

219 1309 393 1379 Postremo
414 1309 507 1374 locus
525 1311 544 1372 l
561 1301 652 1374 Petr.
666 1307 698 1389 3,
713 1309 766 1390 4.,
794 1308 852 1374 ubi
875 1308 1081 1396 postuletur,
1108 1315 1146 1371 ut
1165 1306 1340 1370 mulieres¹

217 1397 254 1464 in
276 1402 409 1485 pectore
428 1394 566 1458 latitans
588 1391 702 1473 homo,
738 1394 796 1480 qui
821 1392 1043 1481 perpetuitate
1069 1399 1259 1457 mansuetae
1289 1399 1325 1454 et

217 1481 421 1564 tranquillus
434 1479 554 1544 mentis
567 1482 740 1560 cernatur,
764 1484 877 1560 ornet,
898 1478 1039 1542 colorem
1057 1477 1155 1541 hebet
1170 1474 1324 1540 Platoni·

217 1589 305 1636 cum.
361 1565 414 1634 Gt.
435 1564 505 1632 Cic.
527 1560 833 1644 Tusc.1t⁷„5,1u.
854 1601 897 1613 -
923 1563 960 1628 in
985 1563 1148 1652 participe
1178 1561 1323 1626 rationis

220 1651 459 1740 [enimi]parte
472 1655 599 1736 ponunt
611 1649 894 1734 tranquillitatem,
910 1650 971 1716 ic.
983 1648 1159 1731 placidum·
1183 1647 1321 1712 nietam-

217 1759 278 1826 que
299 1736 526 1805 constantiam.
583 1730 651 1798 Sed
669 1741 826 1816 cognatas
846 1732 1031 1800 Platonicis
1060 1739 1130 1798 tum
1158 1669 1322 1797 intumulas

218 1830 288 1889 tum
317 1819 505 1887 sententias
518 1817 564 1886 N.
578 1818 621 1888 T.
651 1819 832 1906 scriptores
852 1841 916 1884 non
937 1839 977 1883 ex
996 1819 1070 1906 ipso
1089 1819 1180 1884 fonte
1200 1817 1234 1883 h.
1249 1839 1282 1884 e.
1302 1837 1322 1881 e

129 1975 135 1990 x
216 1906 378 1975 Platonis
387 1913 445 1970 eut
459 1903 706 1970 Platonicorum
721 1904 837 1987 libris,
864 1904 922 1969 sed
938 1925 956 1968 e
970 1904 1042 1968 rivo
1056 1905 1238 1978 hauserunt
1250 1903 1276 1970 i.
1291 1924 1322 1970 e.

216 2015 259 2058 ex
273 1992 440 2059 hominum
457 2009 608 2054 sermone
622 1988 759 2076 nitrique
769 1991 949 2069 communi,
970 2009 1035 2076 quo
1055 2011 1073 2054 e
1091 1988 1205 2054 scholi
1227 1988 1324 2054 abie-

213 2084 292 2146 rent
306 2081 353 2163 (v.
367 2077 502 2160 Knepp.
518 2073 810 2178 ⁰9¹3⁸⁰2P5392·l·
854 2075 1032 2162 Reliquum
1053 2081 1125 2155 est,
1154 2081 1191 2138 ut
1214 2073 1324 2137 iulsas

213 2163 391 2230 nonnullas
405 2159 645 2247 loquutionrso
667 2157 735 2226 ἔσω
753 2160 938 2248 ἄνθρωπος
959 2159 1198 2246 explicationes
1219 2160 1325 2224 relel-

213 2249 295 2317 lem.
322 2247 419 2312 Bezo
441 2246 499 2329 (cf.
524 2244 630 2326 Gala.)
657 2243 716 2310 τὸν
740 2241 808 2312 ἔσω
837 2236 1021 2332 ἄνθρωπον
1041 2244 1127 2308 idem
1175 2242 1325 2309 συστὰν

77 2355 82 2362 ·
215 2329 361 2399 καινὸν
381 2326 565 2416 ἄνθρωπον
578 2329 767 2410 „hominem
784 2337 946 2417 quatenus
961 2329 1007 2394 sit
1020 2329 1127 2412 gratiai
1180 2329 1210 2394 ei
1222 2351 1325 2414 rege-

161 2453 163 2462 ·
214 2417 380 2484 neratus”
408 2420 443 2480 ot
467 2411 525 2515 cdv
544 2412 607 2514 ἔξω
628 2413 817 2500 deterreor
834 2415 918 2481 idem
942 2414 1029 2502 quod
1049 2411 1107 2479 cdv
1129 2415 1324 2480 παλαιὸν

212 2493 397 2603 iirttpurcor
421 2496 614 2588 „qurdqurd
643 2500 690 2565 sit
719 2501 814 2566 homo
842 2499 952 2589 qualis
979 2500 1162 2565 noscetur'’
1189 2501 1324 2587 pollere

212 2587 405 2678 perbibuit.r
441 2587 492 2652 At
509 2605 621 2686 emnes
633 2587 820 2687 promiscue
835 2587 1001 2665 homines,
1029 2586 1099 2651 sive
1117 2585 1227 2687 repeti
1249 2586 1325 2650 sint

213 2675 251 2760 (2
267 2673 346 2742 Gor.
359 2673 395 2774 d,
407 2672 479 2750 16.)
493 2691 563 2771 srye
585 2691 650 2736 uon
674 2681 781 2736 renatr
801 2671 915 2757 (Rom.
930 2670 964 2752 7,
979 2671 1068 2754 22.),
1093 2692 1134 2736 ex
1156 2671 1324 2737 interiore
1378 2679 1381 2683 '

211 2767 248 2828 et
261 2766 429 2860 exteriore
442 2755 618 2858 homrnenlr.
633 2777 663 2824 e.
672 2777 712 2822 ex
724 2765 834 2822 mente
847 2764 881 2823 et
895 2777 1033 2843 corpore
1046 2761 1217 2857 constant3
1239 2777 1325 2822 con-

173 2937 175 2944 X
210 2850 266 2912 tra
280 2844 429 2910 hommes
442 2842 560 2908 claruet.
574 2861 609 2905 m
624 2863 751 2915 crucem
764 2849 838 2908 octo
854 2852 965 2909 vetere
978 2843 1110 2906 homme
1123 2863 1242 2907 novum
1258 2843 1323 2907 ho-

210 2931 331 2998 minem
352 2926 490 2994 induere
511 2926 623 3012 (Rom.
638 2929 671 3008 6,
683 2930 718 2995 6.
739 2927 825 3017 Eph.
840 2927 873 3011 4,
886 2929 958 3013 24.)
978 2926 1085 2995 decet.
1142 2925 1326 2994 Gonoessit

89 3071 91 3075 ⁴
211 3016 275 3084 laco
291 3013 524 3101 illucescentes,
545 3011 606 3076 sed
625 3011 714 3098 quod
732 3013 890 3102 profundi
912 3011 991 3101 qnid
1012 3011 1163 3078 dicturus
1183 3013 1326 3102 adjecit,

211 3107 378 3190 quatenus
391 3099 489 3163 homo
509 3095 651 3162 interior
671 3119 790 3168 novum
811 3099 973 3165 hominem
998 3104 1097 3186 partu
1119 3099 1215 3184 quasi
1239 3099 1327 3168 edat

207 3186 244 3256 lu.
259 3209 290 3254 e.
306 3183 449 3249 hominis
463 3182 604 3246 nondum
619 3183 728 3248 renati
745 3203 834 3250 meos
855 3183 962 3272 primo
983 3194 1195 3267 renascatur,
1223 3191 1326 3250 eate-

142 3341 143 3344 ,
209 3291 274 3338 nus
288 3270 348 3336 τοῦ
364 3269 426 3334 ἴσω
439 3262 623 3351 ἀνθρώπου
637 3267 702 3333 vim
721 3288 742 3332 a
764 3268 826 3334 cori
845 3269 961 3334 καινοῦ
980 3263 1164 3354 ἀνθρώπων
1186 3269 1325 3354 signifi·

210 3353 449 3443 cetu'proxime
465 3352 581 3417 abesse
593 3358 768 3440 rectequae
784 3353 1033 3456 quae'Ap.h.l.
1048 3353 1232 3420 denomino
1249 3376 1324 3421 non

72 3442 77 3452 “
209 3447 329 3508 renato
349 3438 476 3507 dixerit
493 3437 608 3526 paucis
627 3439 764 3504 mutatis
782 3439 817 3503 in
839 3441 999 3504 hommem
1022 3445 1173 3506 renatum
1201 3446 1326 3506 trans-

211 3526 315 3603 ferri,
346 3523 382 3590 id
402 3543 534 3589 sensum
554 3522 655 3588 habet
671 3523 812 3592 nullum.
869 3524 1017 3604 Vocant,
1041 3525 1169 3594 Elauer.
1188 3526 1235 3592 el.
1257 3524 1327 3592 τὸν

211 3607 281 3679 ἔσω
296 3601 480 3697 ἄνθρωπον
492 3614 630 3674 mentem
652 3609 792 3696 spiritus
806 3607 872 3674 Dei
914 3609 1121 3676 otentissimo
1140 3631 1239 3698 opere
1260 3633 1325 3677 re-

212 3695 358 3782 genitam
370 3693 618 3780 vehementique
630 3693 698 3760 Dei
712 3715 822 3760 amore
841 3695 875 3759 in
903 3703 1076 3762 crematum
1101 3703 1215 3761 notare
1240 3719 1325 3763 cro-

211 3779 434 3866 dideruut*).
473 3777 639 3848 Similiter
657 3777 793 3849 Morus:
817 3801 941 3866 „mens
961 3780 1081 3848 melius
1099 3779 1263 3932 instituta}
1283 3789 1327 3850 et

399 3897 401 3904 ¹
684 3894 687 3902 ’
994 3909 998 3914 -
1260 3889 1329 3936 or-

211 3963 418 3988 m

245 4043 513 4121 &MeleElsncrus
525 4053 553 4100 et
573 4046 620 4119 qui
643 4067 707 4103 eum
726 4047 833 4119 sequuti
850 4057 916 4103 sunt
931 4055 963 4102 ut
981 4064 1058 4101 suern
1076 4046 1235 4117 opinionem
1253 4057 1324 4104 sta-

280 4130 378 4187 mme
395 4129 718 4188 consumendarum
738 4133 757 4188 r.
773 4135 813 4188 10.
831 4132 885 4186 cor.
900 4131 927 4188 s.
954 4115 1055 4185 caete
1075 4136 1134 4186 rue
1154 4132 1236 4187 num
1259 4133 1328 4189 neo

280 4214 373 4287 πωπω
386 4213 457 4269 σιω
471 4201 577 4271 arbom
593 4214 792 4272 nancaei-uu
835 4215 915 4270 :neu
927 4219 1005 4288 anpr
1019 4219 1129 4271 *namn
1141 4214 1215 4272 nam
1229 4202 1326 4275 neceb

147 4353 152 4365 ,
279 4299 362 4355 nnn
388 4303 504 4374 nuncu
537 4285 639 4378 tanus
667 4302 746 4358 nunu
779 4303 910 4358 sunnon
940 4303 1021 4356 nanu
1049 4304 1150 4376 penes
1180 4306 1215 4356 re
1243 4302 1326 4358 n-ru

279 4386 428 4460 tnttmrt
449 4384 571 4450 cutiaco
596 4379 662 4448 tero
684 4389 880 4449 vestimentum
893 4395 936 4446 est
952 4389 1075 4458 nomine
1101 4390 1215 4460 spiritus
1232 4391 1326 4444 inee-
