2876 5056
222 370 289 440 an
330 433 333 449 s
434 307 1128 446 nrrsronnaononnnos'

218 527 406 622 conjuncta.
451 523 677 594 Possedernnt
696 535 765 592 tum
786 528 949 612 gentiles,
979 549 1078 616 quum
1093 523 1207 592 fidoin
1224 523 1325 594 Chri.
1417 499 1418 560 i

222 625 275 682 sto
294 613 454 680 collocatis
468 613 543 678 Deo
561 613 765 678 reconciliati
785 620 919 694 essent,
947 625 1113 677 aeternam
1127 612 1324 678 felicitatem
1417 615 1418 652 ³

80 695 86 716 ¹
221 723 277 788 ope
299 700 412 787 (Rom.
426 700 459 780 8,
470 699 561 782 21.);
588 697 646 764 sed
668 717 733 784 quo
756 695 810 768 dic
823 699 980 766 Christus
998 694 1039 763 de
1058 699 1150 764 coelo
1164 697 1199 762 in
1215 705 1325 762 terra-

109 817 111 820 ·
220 807 303 852 nrm,
315 785 426 852 orbem
448 790 652 865 revertetur,
684 789 723 848 ut
740 784 919 872 unicuique
938 782 1099 871 quidquid
1119 785 1325 871 promeritos

219 870 324 938 fuerit
344 869 505 958 rependat
525 867 685 935 2Tlrass.
702 871 734 947 l,
746 873 779 938 6.
798 891 893 957 sqq.,
922 877 959 934 et
981 876 1121 934 mortuos
1140 890 1186 934 ea
1205 867 1325 956 inseris

220 955 380 1022 excitabit
398 954 629 1041 sempiternam
648 953 841 1022 felicitatem
857 956 962 1040 ipsam
976 953 1215 1040 consequnturi
1231 962 1324 1022 sunt.
1417 1017 1418 1026 ,

221 1040 308 1106 Tum
331 1040 417 1105 enim
441 1059 576 1124 regnum
600 1039 800 1106 messianum
823 1038 986 1104 condetur
1009 1042 1027 1102 l
1048 1039 1126 1106 (ior.
1146 1037 1199 1119 15,
1212 1040 1267 1108 511.
1287 1047 1324 1104 at

221 1135 377 1195 aeternae
396 1124 483 1199 vitae
505 1125 636 1189 initium
657 1125 740 1206 erit,
769 1126 802 1190 in
824 1123 889 1212 quai
909 1125 1031 1191 monui
1046 1142 1107 1211 per
1120 1122 1264 1190 reditum
1279 1145 1322 1190 ex
1414 1183 1416 1188 .

220 1210 338 1276 inferis
356 1209 604 1291 collocabuntur
623 1215 640 1274 l
656 1206 738 1278 Gor,
751 1211 802 1291 15,
815 1210 870 1276 35.
885 1231 961 1296 sqq.
982 1208 1060 1278 Joh.
1074 1208 1108 1290 d,
1119 1210 1193 1292 29„
1219 1209 1247 1274 ii
1262 1231 1322 1274 au·
1417 1237 1418 1242 ¹

218 1305 305 1376 tem,
332 1313 481 1384 quorum·
493 1295 594 1359 vitam
613 1315 702 1359 mors
722 1284 786 1360 r'ron
803 1295 946 1364 finiverit
962 1315 1021 1382 per
1035 1295 1235 1360 immortalis
1248 1314 1322 1360 cor·

142 1389 146 1410 ¹
212 1380 331 1470 poris,
362 1378 451 1468 quod
473 1377 731 1468 superinjectam
752 1382 890 1445 mortale
908 1401 1029 1468 corpus
1048 1380 1246 1460 absorbeat,
1267 1401 1321 1444 re·
1417 1399 1418 1408 ¹

218 1466 403 1555 ceptionem
418 1469 661 1530 constituentur
674 1464 781 1534 lGor.
796 1467 1000 1552 15,⁵1.sqq.
1020 1463 1129 1536 2Cer.
1142 1466 1174 1546 5,
1181 1467 1216 1533 2.
1230 1487 1320 1568 sqqa

162 1595 164 1608 ‹
217 1541 321 1618 Recte
340 1551 445 1636 igitur
465 1555 668 1614 mortuorum
690 1551 723 1615 in
743 1551 845 1616 vitam
865 1549 993 1617 reditus
1013 1571 1076 1636 pro
1096 1557 1232 1631 eventu,
1262 1573 1320 1637 qur
1417 1623 1418 1628 ἵ

144 1652 148 1664 ’
217 1657 376 1714 summam
391 1635 531 1723 paganis
547 1635 736 1719 beatitatem
751 1643 986 1722 apportaturus
1002 1636 1058 1716 eit,
1081 1655 1099 1698 a
1113 1633 1153 1702 P.
1168 1634 1319 1723 ponitur.

126 1732 130 1740 ‘
216 1719 294 1789 Non
310 1721 418 1786 minus
434 1721 517 1784 bene
531 1721 725 1786 dardaeoram
740 1721 774 1784 ia
787 1721 927 1786 divinam
942 1719 1086 1810 fauorem
1101 1721 1317 1804 receptionem

217 1813 275 1872 ont
290 1804 389 1890 fldem
411 1812 614 1869 mortuorum
629 1806 661 1868 in
677 1804 777 1887 uitam
794 1805 936 1870 reditum
950 1815 983 1870 ct
995 1827 1056 1892 per
1070 1827 1143 1870 eum
1157 1815 1317 1870 summam

214 1892 408 1956 beatitatem
422 1889 602 1975 gentilibus
617 1890 791 1954 allaturam
805 1911 880 1956 esse
897 1887 934 1959 P.
949 1889 1131 1957 contendit.
1178 1887 1318 1956 Scilicet

166 2029 171 2043 .
216 1999 317 2070 quom
337 1972 457 2044 Judaei
477 1972 613 2040 Christo
633 1973 729 2040 fidem
750 1975 949 2064 adjecerint,
986 1982 1092 2040 totum
1113 1975 1315 2040 beandorurn

197 2062 381 2146 ‘bominum
402 2063 518 2144 agmen
538 2060 711 2124 collectum
731 2061 813 2141 erit,
837 2059 1099 2147 quandoquidem
1114 2058 1237 2128 Juoaci
1252 2082 1315 2128 non

212 2149 310 2238 prius
329 2143 543 2232 resipiscent,
571 2165 667 2232 quarn
684 2132 856 2228 gentilium
872 2144 1047 2210 multitudo
1062 2143 1104 2209 ad
1119 2145 1249 2212 Christi
1262 2167 1314 2210 sa·
1417 2185 1418 2218 ,

211 2252 269 2298 cra
289 2229 462 2296 transierit
481 2250 512 2296 v.
525 2229 595 2296 25..
643 2229 854 2314 Nibiligitur
870 2231 1102 2318 impedimento
1119 2231 1209 2312 fore,
1234 2253 1314 2317 quo·

183 2330 187 2342 ‘
212 2317 324 2382 minus
345 2313 543 2379 beandcrum
564 2313 729 2378 hominnm
746 2336 847 2400 grege
862 2322 976 2380 coacto
992 2316 1192 2402 sempiterna
1207 2317 1322 2381 beati·-

209 2411 266 2466 tas
288 2398 548 2463 distribueretur
567 2397 608 2464 P.
629 2407 717 2463 recte
735 2399 896 2486 judicavit
920 2400 1132 2502 ineptumque
1152 2401 1184 2464 ei
1205 2401 1312 2466 visum
1417 2473 1418 2484 χ

107 2555 110 2565 ,
187 2493 264 2570 ‚cst
280 2491 445 2562 statuere,
473 2481 581 2546 Deum
596 2483 747 2548 omnibus
762 2485 966 2566 bominibus,
994 2507 1051 2571 qur
1065 2506 1126 2573 per
1139 2485 1311 2552 Christum

211 2567 332 2636 beandi
354 2574 482 2650 essent,
513 2568 722 2658 congregatis
742 2590 806 2634 non
825 2569 899 2634 sine
919 2571 1011 2636 morri
1027 2569 1184 2636 beneficia
1202 2593 1261 2636 sua
1276 2573 1311 2636 in

210 2668 269 2720 aes
289 2653 504 2733 collaturum,
532 2653 591 2716 sed
607 2661 809 2719 mortuarum
822 2655 856 2719 in
871 2655 971 2721 vitam
994 2654 1136 2722 reditum
1156 2656 1311 2743 vitaeque

210 2748 366 2806 aeternae
386 2737 666 2824 dispensationem
680 2735 1007 2826 procrastineturum
1030 2761 1118 2810 esse.
1174 2740 1310 2829 Quippe
1417 2747 1418 2778 ¹

209 2825 290 2892 boni
306 2822 370 2889 viri
387 2822 535 2887 homines
549 2822 653 2902 nacti,
682 2825 770 2912 apud
787 2843 871 2910 quos
887 2825 1041 2890 beneficia
1058 2847 1119 2892 sua
1135 2838 1225 2892 reete
1237 2829 1309 2892 col·
1417 2887 1418 2910 ,

209 2913 337 2992 locent,
363 2927 456 2998 suarn
471 2906 707 2991 benignitatem
722 2931 785 2974 non
801 2896 976 2989 differunt,
1003 2909 1062 2974 sed
1077 2921 1219 2999 prosunt
1231 2933 1309 2976 con·
1417 2913 1418 2924 ’

208 2995 315 3061 tinuo.
354 2990 418 3058 Ad
432 2991 493 3059 boc
506 2992 810 3080 interpretationis,
832 3016 927 3159 poam
943 2995 1100 3078 defendo,
1122 2998 1248 3062 veritas
1265 3019 1308 3062 ex

208 3101 247 3145 eo
268 3073 423 3167 apparet,
451 3075 558 3164 quod,
577 3099 686 3178 ‘quum
703 3078 813 3142 serbis
855 3079 903 3166 ωὴ
920 3077 956 3145 ἐκ
970 3089 1091 3167 νεκρῶν
1105 3083 1211 3170 majus
1226 3103 1307 3166 gen-

194 3164 317 3230 tilium
334 3167 558 3227 ornamentum
575 3183 684 3226 rnesse
699 3161 833 3244 debeat,
856 3179 954 3250 quam
969 3165 1231 3312 ‹prrod'vcoahulo
1246 3190 1306 3232 κα-

64 3249 66 3256 ’
190 3238 353 3334 ’ταλλαγή
368 3249 572 3312 enuntiatum
589 3253 640 3311 ost
655 3242 713 3330 (tf.
729 3271 760 3314 v.
776 3250 862 3330 12),
892 3272 975 3313 acan
998 3247 1082 3337 λαγή
1097 3253 1130 3315 id
1145 3254 1306 3333 continet,

204 3331 295 3419 quod
315 3340 468 3396 aeternae
487 3330 660 3411 felicitatis
679 3353 767 3415 apem
786 3334 926 3417 paganis
945 3335 1078 3418 iecerit,
1108 3335 1173 3422 ζωὴ
1196 3334 1234 3401 ἐκ
1253 3359 1304 3402 νε·

102 3485 106 3496 ,
204 3417 292 3501 aprio
316 3437 384 3496 rem
407 3415 654 3502 complectitur,
687 3438 770 3503 quae
791 3419 896 3502 ipram
919 3420 1113 3485 felicitatem
1133 3430 1304 3487 aeternam
1417 3455 1418 3500 r

202 3501 341 3588 paganis
356 3498 436 3564 olim
451 3501 601 3586 paritura
616 3501 674 3568 sit.
709 3501 766 3566 Sic
779 3503 960 3590 igiturAp.
975 3503 1175 3592 disputavit:
1194 3527 1302 3573 meum

200 3583 375 3670 gentilium
398 3583 543 3670 apostoli
562 3605 680 3649 munus
702 3608 741 3651 eo
762 3587 974 3675 conspicuum
995 3589 1114 3670 reddo,
1142 3592 1231 3679 quod
1244 3612 1302 3656 ex·
1417 3605 1418 3612 ’

199 3670 325 3758 perior,
346 3668 376 3734 si
390 3669 475 3734 farte
490 3665 512 3736 J
514 3667 635 3734 udaaos
649 3669 690 3732 ad
703 3671 894 3738 imitandam
909 3674 1081 3756 'gentilium
1097 3675 1195 3742 tidem
1211 3696 1301 3742 com-

197 3757 320 3845 pellam
343 3773 522 3856 eorumque
544 3755 719 3820 nonnullos
740 3756 830 3822 locem
851 3761 900 3844 (v.
915 3759 967 3824 13.
982 3767 1016 3822 et
1031 3761 1112 3841 ln).
1162 3761 1252 3844 Nam
1268 3762 1300 3826 si

197 3861 311 3906 eorum
340 3839 505 3912 abdicatro
530 3841 588 3921 (et
610 3860 670 3925 per
687 3862 757 3906 eam
777 3841 892 3908 effecta
915 3842 1155 3926 incredulitas)
1183 3845 1297 3911 Deum

195 3923 380 4010 gentilibus
400 3925 563 4012 placatum
585 3923 731 3990 reddidit
746 3926 1108 4018 (iisquessempiteroae
1123 3929 1298 4008 beatitatis
1313 3949 1317 3959 ·

193 4010 446 4092 epem‘attulit),
474 4006 569 4094 cnjus
593 4009 642 4076 rei
663 4031 775 4076 eorum
790 4013 823 4077 io
839 4013 906 4078 Dei
919 4015 1064 4080 favaram
1077 4012 1299 4104 re'ceptio'(et

191 4096 291 4188 fides)
312 4091 494 4180 gentilibus
515 4113 615 4158 causa
638 4097 722 4176 erit,
751 4097 819 4163 nisi
838 4100 925 4164 vitae
946 4120 988 4164 ex
1008 4120 1085 4164 orco
1111 4101 1295 4167 exorientis
1417 4095 1418 4156 Ῑ

190 4184 236 4261 (e.
265 4201 307 4244 ex
339 4178 478 4244 mortuis
505 4179 737 4267 pullulantis),
772 4204 873 4268 quam
900 4193 1065 4250 aeternam
1096 4185 1293 4252 felicitatem
1417 4223 1418 4236 1

188 4265 293 4342 ipsam
320 4264 503 4349 parituram
534 4283 611 4334 esee
641 4286 736 4330 nemo
764 4265 920 4350 ignorat?
952 4268 1028 4338 *Cf
1050 4267 1146 4338 Rom.
1169 4273 1202 4354 5,
1226 4275 1292 4339 10..

187 4346 276 4424 ltine
295 4346 444 4440 cnjusvis
462 4355 516 4420 est
533 4349 695 4416 nationem
717 4353 931 4426 concludere:
964 4375 1064 4440 quum
1084 4355 1191 4441 igitur
1211 4377 1291 4424 con-
