<?xml version="1.0" encoding="UTF-8"?>
<!DOCTYPE html PUBLIC "-//W3C//DTD XHTML 1.0 Transitional//EN"
    "http://www.w3.org/TR/xhtml1/DTD/xhtml1-transitional.dtd">
<html xmlns="http://www.w3.org/1999/xhtml" xml:lang="en" lang="en">
 <head>
  <title>
</title>
<meta http-equiv="Content-Type" content="text/html;charset=utf-8" />
  <meta name='ocr-system' content='tesseract 3.04.00' />
  <meta name='ocr-capabilities' content='ocr_page ocr_carea ocr_par ocr_line ocrx_word'/>
</head>
<body>
  <div class='ocr_page' id='page_1' title='image "./pauliadromanose00fritgoog_0190.png"; bbox 0 0 2814 5056; ppageno 0'>
   <div class='ocr_carea' id='block_1_1' title="bbox 421 335 1189 454">
    <p class='ocr_par' dir='ltr' id='par_1_1' title="bbox 421 335 1189 454">
     <span class='ocr_line' id='line_1_1' title="bbox 421 335 1189 454; baseline -0.005 -44"><span class='ocrx_word' id='word_1_1' title='bbox 421 335 688 454; x_wconf 61' lang='grc' dir='ltr'><strong><em>σείσειε.</em></strong></span> <span class='ocrx_word' id='word_1_2' title='bbox 712 339 871 432; x_wconf 59' lang='lat' dir='ltr'><strong>veen..</strong></span> <span class='ocrx_word' id='word_1_3' title='bbox 1125 342 1189 412; x_wconf 85' lang='grc' dir='ltr'><strong>ιπ</strong></span> 
     </span>
    </p>
   </div>
   <div class='ocr_carea' id='block_1_2' title="bbox 97 463 1186 648">
    <p class='ocr_par' dir='ltr' id='par_1_2' title="bbox 97 463 1186 648">
     <span class='ocr_line' id='line_1_2' title="bbox 97 463 1186 648; baseline -0.003 -77"><span class='ocrx_word' id='word_1_4' title='bbox 97 507 168 574; x_wconf 90' lang='lat' dir='ltr'><strong>leat.</strong></span> <span class='ocrx_word' id='word_1_5' title='bbox 190 527 193 539; x_wconf 63' lang='grc'><em>’</em></span> <span class='ocrx_word' id='word_1_6' title='bbox 208 463 382 588; x_wconf 73' lang='lat' dir='ltr'><strong>llusquam</strong></span> <span class='ocrx_word' id='word_1_7' title='bbox 398 501 432 568; x_wconf 91' lang='lat' dir='ltr'><strong>iu</strong></span> <span class='ocrx_word' id='word_1_8' title='bbox 446 497 547 572; x_wconf 67' lang='lat' dir='ltr'><strong>MT.</strong></span> <span class='ocrx_word' id='word_1_9' title='bbox 560 495 780 648; x_wconf 80' lang='lat' dir='ltr'><strong>perlcriptnnr</strong></span> <span class='ocrx_word' id='word_1_10' title='bbox 793 505 857 582; x_wconf 89' lang='lat' dir='ltr'><strong>est,</strong></span> <span class='ocrx_word' id='word_1_11' title='bbox 874 498 1029 589; x_wconf 89' lang='lat' dir='ltr'><strong>spiritum</strong></span> <span class='ocrx_word' id='word_1_12' title='bbox 1045 493 1075 570; x_wconf 83' lang='lat' dir='ltr'><strong>s.</strong></span> <span class='ocrx_word' id='word_1_13' title='bbox 1089 522 1186 590; x_wconf 86' lang='lat' dir='ltr'><strong>prae·</strong></span> 
     </span>
    </p>
   </div>
   <div class='ocr_carea' id='block_1_3' title="bbox 68 584 1249 2037">
    <p class='ocr_par' dir='ltr' id='par_1_3' title="bbox 68 584 1249 2037">
     <span class='ocr_line' id='line_1_3' title="bbox 97 584 1187 673; baseline 0 -17"><span class='ocrx_word' id='word_1_14' title='bbox 97 587 292 657; x_wconf 88' lang='lat' dir='ltr'><strong>stantissima</strong></span> <span class='ocrx_word' id='word_1_15' title='bbox 309 609 442 668; x_wconf 75' lang='lat' dir='ltr'><strong>munera</strong></span> <span class='ocrx_word' id='word_1_16' title='bbox 459 586 679 652; x_wconf 88' lang='lat' dir='ltr'><strong>bominibusc</strong></span> <span class='ocrx_word' id='word_1_17' title='bbox 705 584 799 667; x_wconf 88' lang='lat' dir='ltr'><strong>rist.,</strong></span> <span class='ocrx_word' id='word_1_18' title='bbox 821 607 884 651; x_wconf 91' lang='lat' dir='ltr'><strong>non</strong></span> <span class='ocrx_word' id='word_1_19' title='bbox 898 586 1187 673; x_wconf 86' lang='lat' dir='ltr'><strong>praestantissima</strong></span> 
     </span>
     <span class='ocr_line' id='line_1_4' title="bbox 68 665 1185 741; baseline -0.002 -1"><span class='ocrx_word' id='word_1_20' title='bbox 68 721 71 728; x_wconf 85' lang='lat'>-</span> <span class='ocrx_word' id='word_1_21' title='bbox 97 676 165 741; x_wconf 86' lang='lat' dir='ltr'><strong>aliis</strong></span> <span class='ocrx_word' id='word_1_22' title='bbox 178 673 229 741; x_wconf 90' lang='lat' dir='ltr'><strong>vel</strong></span> <span class='ocrx_word' id='word_1_23' title='bbox 242 672 429 739; x_wconf 89' lang='lat' dir='ltr'><strong>hominibus</strong></span> <span class='ocrx_word' id='word_1_24' title='bbox 445 673 496 738; x_wconf 86' lang='lat' dir='ltr'><strong>vel</strong></span> <span class='ocrx_word' id='word_1_25' title='bbox 511 671 640 736; x_wconf 82' lang='lat' dir='ltr'><strong>naturis</strong></span> <span class='ocrx_word' id='word_1_26' title='bbox 654 670 746 738; x_wconf 86' lang='lat' dir='ltr'><strong>dare.</strong></span> <span class='ocrx_word' id='word_1_27' title='bbox 768 707 808 720; x_wconf 88' lang='lat'><em>-</em></span> <span class='ocrx_word' id='word_1_28' title='bbox 852 665 1028 737; x_wconf 74' lang='grc' dir='ltr'><strong><em>υἱοθεσίαν</em></strong></span> <span class='ocrx_word' id='word_1_29' title='bbox 1040 667 1185 739; x_wconf 81' lang='grc' dir='ltr'><strong><em>ἀπεκδε-</em></strong></span> 
     </span>
     <span class='ocr_line' id='line_1_5' title="bbox 95 750 1220 846; baseline 0.001 -22"><span class='ocrx_word' id='word_1_30' title='bbox 95 755 231 842; x_wconf 62' lang='grc' dir='ltr'><strong><em>ἱιίμενοι]</em></strong></span> <span class='ocrx_word' id='word_1_31' title='bbox 244 757 343 824; x_wconf 75' lang='lat' dir='ltr'><strong>&#39;Male</strong></span> <span class='ocrx_word' id='word_1_32' title='bbox 358 757 521 824; x_wconf 80' lang='lat' dir='ltr'><strong>Ltctterua</strong></span> <span class='ocrx_word' id='word_1_33' title='bbox 535 756 695 846; x_wconf 73' lang='lat' dir='ltr'><strong>probante</strong></span> <span class='ocrx_word' id='word_1_34' title='bbox 710 757 903 822; x_wconf 86' lang='grc' dir='ltr'><strong><em>Ηειιιυιιιιιιο</em></strong></span> <span class='ocrx_word' id='word_1_35' title='bbox 917 750 1094 822; x_wconf 72' lang='grc' dir='ltr'><strong><em>υἱοθεσίαν</em></strong></span> <span class='ocrx_word' id='word_1_36' title='bbox 1112 779 1184 824; x_wconf 86' lang='lat' dir='ltr'><strong>cunr</strong></span> <span class='ocrx_word' id='word_1_37' title='bbox 1218 756 1220 766; x_wconf 85' lang='lat'>&#39;</span> 
     </span>
     <span class='ocr_line' id='line_1_6' title="bbox 95 835 1249 932; baseline -0.003 -21"><span class='ocrx_word' id='word_1_38' title='bbox 95 841 286 924; x_wconf 71' lang='grc' dir='ltr'><strong><em>στενάζομεν</em></strong></span> <span class='ocrx_word' id='word_1_39' title='bbox 298 843 538 932; x_wconf 73' lang='lat' dir='ltr'><strong>copulavitt—</strong></span> <span class='ocrx_word' id='word_1_40' title='bbox 566 837 764 922; x_wconf 76' lang='grc' dir='ltr'><em>στενάζομεν</em></span> <span class='ocrx_word' id='word_1_41' title='bbox 784 835 977 917; x_wconf 72' lang='grc' dir='ltr'><strong><em>υἱοθεσίαν,</em></strong></span> <span class='ocrx_word' id='word_1_42' title='bbox 998 836 1193 924; x_wconf 56' lang='grc' dir='ltr'><strong>σὶπεκδεχό-Υ</strong></span> <span class='ocrx_word' id='word_1_43' title='bbox 1242 839 1249 860; x_wconf 69' lang='grc'><em>“</em></span> 
     </span>
     <span class='ocr_line' id='line_1_7' title="bbox 93 923 1197 1028; baseline 0.004 -34"><span class='ocrx_word' id='word_1_44' title='bbox 93 951 219 1010; x_wconf 68' lang='lat' dir='ltr'><strong>peroso.</strong></span> <span class='ocrx_word' id='word_1_45' title='bbox 234 923 264 993; x_wconf 72' lang='lat' dir='ltr'><strong>ci.</strong></span> <span class='ocrx_word' id='word_1_46' title='bbox 277 952 305 994; x_wconf 83' lang='grc' dir='ltr'><strong>ι.</strong></span> <span class='ocrx_word' id='word_1_47' title='bbox 321 949 351 994; x_wconf 89' lang='grc' dir='ltr'><strong>ο.</strong></span> <span class='ocrx_word' id='word_1_48' title='bbox 370 931 426 1012; x_wconf 83' lang='grc'><strong>(-</strong></span> <span class='ocrx_word' id='word_1_49' title='bbox 439 932 538 1011; x_wconf 76' lang='lat' dir='ltr'><strong>tauma</strong></span> <span class='ocrx_word' id='word_1_50' title='bbox 554 935 613 996; x_wconf 76' lang='lat' dir='ltr'><strong>unt</strong></span> <span class='ocrx_word' id='word_1_51' title='bbox 628 927 697 1008; x_wconf 70' lang='grc' dir='ltr'><strong><em>ιιιιδι</em></strong></span> <span class='ocrx_word' id='word_1_52' title='bbox 714 923 755 992; x_wconf 81' lang='lat' dir='ltr'><strong>bei</strong></span> <span class='ocrx_word' id='word_1_53' title='bbox 771 933 829 995; x_wconf 80' lang='lat' dir='ltr'><strong>unt</strong></span> <span class='ocrx_word' id='word_1_54' title='bbox 844 927 923 1008; x_wconf 80' lang='lat' dir='ltr'><strong>tetbtt</strong></span> <span class='ocrx_word' id='word_1_55' title='bbox 944 928 1011 1028; x_wconf 68' lang='grc' dir='ltr'><strong><em>σου)</em></strong></span> <span class='ocrx_word' id='word_1_56' title='bbox 1034 930 1081 996; x_wconf 80' lang='lat' dir='ltr'><strong>bu</strong></span> <span class='ocrx_word' id='word_1_57' title='bbox 1094 928 1197 998; x_wconf 53' lang='lat' dir='ltr'><strong>ulna.</strong></span> 
     </span>
     <span class='ocr_line' id='line_1_8' title="bbox 94 1009 1185 1097; baseline -0.005 -15"><span class='ocrx_word' id='word_1_58' title='bbox 94 1017 170 1097; x_wconf 73' lang='lat' dir='ltr'><strong>[butt</strong></span> <span class='ocrx_word' id='word_1_59' title='bbox 184 1017 242 1083; x_wconf 81' lang='lat' dir='ltr'><strong>unt</strong></span> <span class='ocrx_word' id='word_1_60' title='bbox 257 1021 368 1083; x_wconf 80' lang='lat' dir='ltr'><strong>merten</strong></span> <span class='ocrx_word' id='word_1_61' title='bbox 382 1015 548 1094; x_wconf 75' lang='lat' dir='ltr'><strong>nut‘uulett</strong></span> <span class='ocrx_word' id='word_1_62' title='bbox 562 1010 657 1084; x_wconf 73' lang='lat' dir='ltr'><strong>talbot</strong></span> <span class='ocrx_word' id='word_1_63' title='bbox 671 1011 841 1096; x_wconf 70' lang='lat' dir='ltr'><strong>drittuuq).</strong></span> <span class='ocrx_word' id='word_1_64' title='bbox 885 1009 1058 1092; x_wconf 78' lang='grc' dir='ltr'><strong><em>Σιειαζειν</em></strong></span> <span class='ocrx_word' id='word_1_65' title='bbox 1071 1033 1103 1076; x_wconf 83' lang='grc' dir='ltr'><strong>ιι</strong></span> <span class='ocrx_word' id='word_1_66' title='bbox 1117 1018 1185 1097; x_wconf 69' lang='lat' dir='ltr'><strong>unq</strong></span> 
     </span>
     <span class='ocr_line' id='line_1_9' title="bbox 93 1095 1184 1184; baseline -0.002 -17"><span class='ocrx_word' id='word_1_67' title='bbox 93 1107 177 1168; x_wconf 77' lang='lat' dir='ltr'><strong>ctuot</strong></span> <span class='ocrx_word' id='word_1_68' title='bbox 188 1101 313 1183; x_wconf 74' lang='grc' dir='ltr'><strong><em>ίεαίμιι,</em></strong></span> <span class='ocrx_word' id='word_1_69' title='bbox 332 1120 402 1164; x_wconf 89' lang='lat' dir='ltr'><strong>cum</strong></span> <span class='ocrx_word' id='word_1_70' title='bbox 414 1098 535 1184; x_wconf 75' lang='lat' dir='ltr'><strong>pemitci</strong></span> <span class='ocrx_word' id='word_1_71' title='bbox 549 1097 670 1183; x_wconf 82' lang='grc' dir='ltr'><strong><em>αίίιμιίδ</em></strong></span> <span class='ocrx_word' id='word_1_72' title='bbox 682 1103 836 1177; x_wconf 64' lang='lat' dir='ltr'><strong>expetere</strong></span> <span class='ocrx_word' id='word_1_73' title='bbox 849 1095 1008 1162; x_wconf 87' lang='lat' dir='ltr'><strong>inusitata</strong></span> <span class='ocrx_word' id='word_1_74' title='bbox 1030 1095 1184 1183; x_wconf 89' lang='lat' dir='ltr'><strong>loquutio</strong></span> 
     </span>
     <span class='ocr_line' id='line_1_10' title="bbox 93 1178 1185 1270; baseline 0.004 -22"><span class='ocrx_word' id='word_1_75' title='bbox 93 1191 139 1248; x_wconf 82' lang='lat' dir='ltr'><strong>est</strong></span> <span class='ocrx_word' id='word_1_76' title='bbox 150 1191 181 1250; x_wconf 91' lang='lat' dir='ltr'><strong>et</strong></span> <span class='ocrx_word' id='word_1_77' title='bbox 195 1185 260 1270; x_wconf 74' lang='lat' dir='ltr'><strong>quai</strong></span> <span class='ocrx_word' id='word_1_78' title='bbox 277 1203 339 1249; x_wconf 91' lang='lat' dir='ltr'><strong>non</strong></span> <span class='ocrx_word' id='word_1_79' title='bbox 356 1183 421 1248; x_wconf 91' lang='lat' dir='ltr'><strong>uisi</strong></span> <span class='ocrx_word' id='word_1_80' title='bbox 436 1182 504 1248; x_wconf 84' lang='lat' dir='ltr'><strong>vati</strong></span> <span class='ocrx_word' id='word_1_81' title='bbox 520 1181 625 1269; x_wconf 81' lang='lat' dir='ltr'><strong>lyrico</strong></span> <span class='ocrx_word' id='word_1_82' title='bbox 641 1182 689 1246; x_wconf 91' lang='lat' dir='ltr'><strong>uti</strong></span> <span class='ocrx_word' id='word_1_83' title='bbox 703 1180 851 1262; x_wconf 73' lang='lat' dir='ltr'><strong>licuerit.</strong></span> <span class='ocrx_word' id='word_1_84' title='bbox 893 1179 1074 1247; x_wconf 86' lang='lat' dir='ltr'><strong>Praetereo</strong></span> <span class='ocrx_word' id='word_1_85' title='bbox 1090 1178 1185 1252; x_wconf 86' lang='lat' dir='ltr'><strong>vio-</strong></span> 
     </span>
     <span class='ocr_line' id='line_1_11' title="bbox 92 1261 1185 1352; baseline 0 -20"><span class='ocrx_word' id='word_1_86' title='bbox 92 1262 444 1352; x_wconf 77' lang='grc' dir='ltr'><strong><em>θεσίανμτενόζομεν</em></strong></span> <span class='ocrx_word' id='word_1_87' title='bbox 454 1265 493 1336; x_wconf 85' lang='grc' dir='ltr'><strong>Ρ.</strong></span> <span class='ocrx_word' id='word_1_88' title='bbox 510 1267 656 1334; x_wconf 86' lang='lat' dir='ltr'><strong>scribere</strong></span> <span class='ocrx_word' id='word_1_89' title='bbox 668 1265 851 1334; x_wconf 77' lang='lat' dir='ltr'>debuisset.</span> <span class='ocrx_word' id='word_1_90' title='bbox 883 1261 1060 1333; x_wconf 71' lang='grc' dir='ltr'><strong><em>υἱοθεσίαν</em></strong></span> <span class='ocrx_word' id='word_1_91' title='bbox 1074 1262 1185 1332; x_wconf 81' lang='grc' dir='ltr'><strong><em>ἄπεκ-</em></strong></span> 
     </span>
     <span class='ocr_line' id='line_1_12' title="bbox 91 1347 1185 1444; baseline 0.003 -27"><span class='ocrx_word' id='word_1_92' title='bbox 91 1347 266 1439; x_wconf 84' lang='grc' dir='ltr'><strong><em>διχόμενοι]</em></strong></span> <span class='ocrx_word' id='word_1_93' title='bbox 296 1354 488 1419; x_wconf 73' lang='lat' dir='ltr'><strong>Articulum</strong></span> <span class='ocrx_word' id='word_1_94' title='bbox 503 1374 676 1441; x_wconf 72' lang='lat' dir='ltr'><strong>perperam</strong></span> <span class='ocrx_word' id='word_1_95' title='bbox 691 1349 868 1437; x_wconf 81' lang='lat' dir='ltr'><strong>requisivit</strong></span> <span class='ocrx_word' id='word_1_96' title='bbox 881 1351 1018 1433; x_wconf 70' lang='lat' dir='ltr'><strong>Rusca,</strong></span> <span class='ocrx_word' id='word_1_97' title='bbox 1046 1373 1110 1444; x_wconf 89' lang='lat' dir='ltr'><strong>quo</strong></span> <span class='ocrx_word' id='word_1_98' title='bbox 1130 1353 1185 1420; x_wconf 79' lang='lat' dir='ltr'><strong>blo</strong></span> 
     </span>
     <span class='ocr_line' id='line_1_13' title="bbox 90 1437 1184 1527; baseline 0.003 -25"><span class='ocrx_word' id='word_1_99' title='bbox 90 1439 178 1526; x_wconf 89' lang='lat' dir='ltr'><strong>plana</strong></span> <span class='ocrx_word' id='word_1_100' title='bbox 193 1460 255 1505; x_wconf 92' lang='lat' dir='ltr'><strong>nou</strong></span> <span class='ocrx_word' id='word_1_101' title='bbox 273 1447 440 1525; x_wconf 78' lang='lat' dir='ltr'><strong>opuscul,</strong></span> <span class='ocrx_word' id='word_1_102' title='bbox 463 1460 562 1524; x_wconf 90' lang='lat' dir='ltr'><strong>quum</strong></span> <span class='ocrx_word' id='word_1_103' title='bbox 577 1438 774 1527; x_wconf 83' lang='lat' dir='ltr'><strong>praesertim</strong></span> <span class='ocrx_word' id='word_1_104' title='bbox 790 1458 853 1502; x_wconf 90' lang='lat' dir='ltr'><strong>non</strong></span> <span class='ocrx_word' id='word_1_105' title='bbox 869 1448 936 1503; x_wconf 91' lang='lat' dir='ltr'><strong>tam</strong></span> <span class='ocrx_word' id='word_1_106' title='bbox 950 1437 1022 1524; x_wconf 83' lang='lat' dir='ltr'><strong>ipsa</strong></span> <span class='ocrx_word' id='word_1_107' title='bbox 1037 1438 1184 1527; x_wconf 90' lang='lat' dir='ltr'><strong>adoptio,</strong></span> 
     </span>
     <span class='ocr_line' id='line_1_14' title="bbox 91 1521 1186 1614; baseline 0.001 -26"><span class='ocrx_word' id='word_1_108' title='bbox 91 1545 176 1610; x_wconf 88' lang='lat' dir='ltr'><strong>quam</strong></span> <span class='ocrx_word' id='word_1_109' title='bbox 199 1523 355 1605; x_wconf 71' lang='lat' dir='ltr'><strong>libertas,</strong></span> <span class='ocrx_word' id='word_1_110' title='bbox 380 1523 590 1610; x_wconf 83' lang='lat' dir='ltr'><strong>adoptionis,</strong></span> <span class='ocrx_word' id='word_1_111' title='bbox 619 1523 649 1588; x_wconf 92' lang='lat' dir='ltr'><strong>si</strong></span> <span class='ocrx_word' id='word_1_112' title='bbox 673 1521 803 1614; x_wconf 85' lang='lat' dir='ltr'><strong>quidem</strong></span> <span class='ocrx_word' id='word_1_113' title='bbox 826 1523 937 1589; x_wconf 74' lang='lat' dir='ltr'><strong>seruus</strong></span> <span class='ocrx_word' id='word_1_114' title='bbox 956 1523 989 1588; x_wconf 93' lang='lat' dir='ltr'><strong>in</strong></span> <span class='ocrx_word' id='word_1_115' title='bbox 1004 1523 1109 1589; x_wconf 88' lang='lat' dir='ltr'><strong>filium</strong></span> <span class='ocrx_word' id='word_1_116' title='bbox 1124 1524 1186 1589; x_wconf 86' lang='lat' dir='ltr'><strong>ad·</strong></span> 
     </span>
     <span class='ocr_line' id='line_1_15' title="bbox 90 1607 1182 1692; baseline 0.004 -18"><span class='ocrx_word' id='word_1_117' title='bbox 90 1629 107 1673; x_wconf 94' lang='lat' dir='ltr'><strong>o</strong></span> <span class='ocrx_word' id='word_1_118' title='bbox 128 1617 236 1690; x_wconf 80' lang='lat' dir='ltr'><strong>tetur,</strong></span> <span class='ocrx_word' id='word_1_119' title='bbox 259 1609 388 1674; x_wconf 83' lang='lat' dir='ltr'><strong>lcrrctus</strong></span> <span class='ocrx_word' id='word_1_120' title='bbox 410 1614 456 1689; x_wconf 84' lang='lat' dir='ltr'><strong>(v.</strong></span> <span class='ocrx_word' id='word_1_121' title='bbox 480 1615 548 1676; x_wconf 92' lang='lat' dir='ltr'><strong>not.</strong></span> <span class='ocrx_word' id='word_1_122' title='bbox 570 1607 611 1672; x_wconf 86' lang='lat' dir='ltr'><strong>ad</strong></span> <span class='ocrx_word' id='word_1_123' title='bbox 633 1608 667 1688; x_wconf 87' lang='lat'><strong>8,</strong></span> <span class='ocrx_word' id='word_1_124' title='bbox 677 1609 744 1692; x_wconf 75' lang='lat'><strong>1⁵.)</strong></span> <span class='ocrx_word' id='word_1_125' title='bbox 771 1607 874 1672; x_wconf 84' lang='lat' dir='ltr'><strong>l’aulo</strong></span> <span class='ocrx_word' id='word_1_126' title='bbox 895 1607 951 1672; x_wconf 91' lang='lat' dir='ltr'><strong>blc</strong></span> <span class='ocrx_word' id='word_1_127' title='bbox 973 1610 1182 1679; x_wconf 79' lang='lat' dir='ltr'><strong>obversetur.</strong></span> 
     </span>
     <span class='ocr_line' id='line_1_16' title="bbox 121 1691 1182 1782; baseline 0.006 -24"><span class='ocrx_word' id='word_1_128' title='bbox 121 1695 270 1760; x_wconf 86' lang='lat' dir='ltr'><strong>oualiter</strong></span> <span class='ocrx_word' id='word_1_129' title='bbox 285 1693 643 1781; x_wconf 84' lang='lat' dir='ltr'><strong>Germaniloquimur:</strong></span> <span class='ocrx_word' id='word_1_130' title='bbox 672 1693 725 1762; x_wconf 79' lang='lat' dir='ltr'><strong>voit</strong></span> <span class='ocrx_word' id='word_1_131' title='bbox 747 1697 872 1779; x_wconf 59' lang='lat' dir='ltr'><strong>laurigeri,</strong></span> <span class='ocrx_word' id='word_1_132' title='bbox 900 1691 964 1760; x_wconf 71' lang='lat' dir='ltr'><strong>latit</strong></span> <span class='ocrx_word' id='word_1_133' title='bbox 986 1693 1040 1762; x_wconf 76' lang='lat' dir='ltr'><strong>tait</strong></span> <span class='ocrx_word' id='word_1_134' title='bbox 1061 1697 1182 1782; x_wconf 61' lang='lat' dir='ltr'><strong>ittam</strong></span> 
     </span>
     <span class='ocr_line' id='line_1_17' title="bbox 89 1777 1182 1868; baseline 0 -22"><span class='ocrx_word' id='word_1_135' title='bbox 89 1778 159 1848; x_wconf 84' lang='lat' dir='ltr'><strong>tion</strong></span> <span class='ocrx_word' id='word_1_136' title='bbox 172 1777 326 1864; x_wconf 51' lang='lat' dir='ltr'><strong>(incitet)</strong></span> <span class='ocrx_word' id='word_1_137' title='bbox 341 1777 491 1863; x_wconf 72' lang='lat' dir='ltr'><strong>venantia</strong></span> <span class='ocrx_word' id='word_1_138' title='bbox 506 1787 653 1848; x_wconf 77' lang='grc' dir='ltr'><strong><em>ιιιυοιαυ.</em></strong></span> <span class='ocrx_word' id='word_1_139' title='bbox 698 1777 845 1846; x_wconf 69' lang='lat' dir='ltr'><strong>Sericus:</strong></span> <span class='ocrx_word' id='word_1_140' title='bbox 860 1814 898 1826; x_wconf 91' lang='lat'>-</span> <span class='ocrx_word' id='word_1_141' title='bbox 922 1777 987 1865; x_wconf 84' lang='lat' dir='ltr'><strong>ipsi</strong></span> <span class='ocrx_word' id='word_1_142' title='bbox 1009 1779 1099 1868; x_wconf 87' lang='lat' dir='ltr'><strong>inter</strong></span> <span class='ocrx_word' id='word_1_143' title='bbox 1121 1798 1182 1846; x_wconf 88' lang='lat' dir='ltr'><strong>nos</strong></span> 
     </span>
     <span class='ocr_line' id='line_1_18' title="bbox 88 1859 1183 1953; baseline 0 -25"><span class='ocrx_word' id='word_1_144' title='bbox 88 1865 260 1948; x_wconf 76' lang='lat' dir='ltr'><strong>gemimus,</strong></span> <span class='ocrx_word' id='word_1_145' title='bbox 298 1865 452 1950; x_wconf 73' lang='lat' dir='ltr'><strong>quioniam</strong></span> <span class='ocrx_word' id='word_1_146' title='bbox 473 1865 548 1950; x_wconf 83' lang='lat' dir='ltr'><strong>(qni</strong></span> <span class='ocrx_word' id='word_1_147' title='bbox 571 1865 603 1929; x_wconf 92' lang='lat' dir='ltr'><strong>in</strong></span> <span class='ocrx_word' id='word_1_148' title='bbox 629 1863 843 1931; x_wconf 86' lang='lat' dir='ltr'><strong>mortalitatis</strong></span> <span class='ocrx_word' id='word_1_149' title='bbox 869 1863 1043 1946; x_wconf 82' lang='lat' dir='ltr'><strong>servitute,</strong></span> <span class='ocrx_word' id='word_1_150' title='bbox 1079 1859 1114 1932; x_wconf 77' lang='lat' dir='ltr'><strong>da</strong></span> <span class='ocrx_word' id='word_1_151' title='bbox 1141 1867 1183 1953; x_wconf 78' lang='grc' dir='ltr'><strong>τῆ</strong></span> 
     </span>
     <span class='ocr_line' id='line_1_19' title="bbox 89 1931 1183 2037; baseline 0.003 -24"><span class='ocrx_word' id='word_1_152' title='bbox 89 1947 213 2036; x_wconf 76' lang='grc' dir='ltr'><strong><em>δουλείᾳ</em></strong></span> <span class='ocrx_word' id='word_1_153' title='bbox 228 1952 290 2036; x_wconf 82' lang='grc' dir='ltr'><strong>τῆς</strong></span> <span class='ocrx_word' id='word_1_154' title='bbox 306 1955 444 2036; x_wconf 81' lang='grc' dir='ltr'><strong><em>φθορᾶς</em></strong></span> <span class='ocrx_word' id='word_1_155' title='bbox 466 1971 497 2018; x_wconf 92' lang='lat' dir='ltr'><strong>v.</strong></span> <span class='ocrx_word' id='word_1_156' title='bbox 512 1952 586 2031; x_wconf 70' lang='lat'><strong>21„</strong></span> <span class='ocrx_word' id='word_1_157' title='bbox 615 1951 745 2033; x_wconf 90' lang='lat' dir='ltr'><strong>sumus)</strong></span> <span class='ocrx_word' id='word_1_158' title='bbox 764 1947 973 2037; x_wconf 88' lang='lat' dir='ltr'><strong>adoptionem</strong></span> <span class='ocrx_word' id='word_1_159' title='bbox 995 1951 1118 2034; x_wconf 81' lang='lat' dir='ltr'><strong>(servis</strong></span> <span class='ocrx_word' id='word_1_160' title='bbox 1138 1931 1183 2016; x_wconf 92' lang='lat' dir='ltr'><strong>li-</strong></span> 
     </span>
    </p>
   </div>
   <div class='ocr_carea' id='block_1_4' title="bbox 88 2032 1299 2126">
    <p class='ocr_par' dir='ltr' id='par_1_4' title="bbox 88 2032 1299 2126">
     <span class='ocr_line' id='line_1_20' title="bbox 88 2032 1299 2126; baseline 0.001 -28"><span class='ocrx_word' id='word_1_161' title='bbox 88 2032 237 2100; x_wconf 85' lang='lat' dir='ltr'><strong>bertatem</strong></span> <span class='ocrx_word' id='word_1_162' title='bbox 257 2039 505 2123; x_wconf 67' lang='lat' dir='ltr'><strong>apponentem,</strong></span> <span class='ocrx_word' id='word_1_163' title='bbox 527 2057 607 2118; x_wconf 85' lang='lat' dir='ltr'><strong>ergo</strong></span> <span class='ocrx_word' id='word_1_164' title='bbox 626 2035 832 2120; x_wconf 87' lang='lat' dir='ltr'><strong>libertatem)</strong></span> <span class='ocrx_word' id='word_1_165' title='bbox 850 2042 1112 2121; x_wconf 72' lang='lat' dir='ltr'><strong>perseveranter*</strong></span> <span class='ocrx_word' id='word_1_166' title='bbox 1125 2055 1182 2100; x_wconf 89' lang='lat' dir='ltr'><strong>ex·</strong></span> <span class='ocrx_word' id='word_1_167' title='bbox 1225 2107 1232 2126; x_wconf 36' lang='lat'><strong><em>⁴</em></strong></span> <span class='ocrx_word' id='word_1_168' title='bbox 1295 2061 1299 2073; x_wconf 89' lang='lat'><strong>·</strong></span> 
     </span>
    </p>
   </div>
   <div class='ocr_carea' id='block_1_5' title="bbox 27 2114 1182 2795">
    <p class='ocr_par' dir='ltr' id='par_1_5' title="bbox 27 2114 1182 2795">
     <span class='ocr_line' id='line_1_21' title="bbox 87 2114 1182 2208; baseline 0.003 -24"><span class='ocrx_word' id='word_1_169' title='bbox 87 2117 280 2208; x_wconf 78' lang='lat' dir='ltr'><strong>spectamus.</strong></span> <span class='ocrx_word' id='word_1_170' title='bbox 326 2119 391 2185; x_wconf 86' lang='lat' dir='ltr'><strong>Sed</strong></span> <span class='ocrx_word' id='word_1_171' title='bbox 407 2142 448 2185; x_wconf 91' lang='lat' dir='ltr'><strong>ne</strong></span> <span class='ocrx_word' id='word_1_172' title='bbox 465 2141 560 2206; x_wconf 87' lang='lat' dir='ltr'><strong>quern</strong></span> <span class='ocrx_word' id='word_1_173' title='bbox 576 2120 725 2185; x_wconf 81' lang='lat' dir='ltr'><strong>vocabuli</strong></span> <span class='ocrx_word' id='word_1_174' title='bbox 742 2114 918 2184; x_wconf 78' lang='grc' dir='ltr'><strong><em>υἱοθεσίαν</em></strong></span> <span class='ocrx_word' id='word_1_175' title='bbox 929 2118 1016 2184; x_wconf 84' lang='lat' dir='ltr'><strong>catio</strong></span> <span class='ocrx_word' id='word_1_176' title='bbox 1031 2128 1182 2208; x_wconf 88' lang='lat' dir='ltr'><strong>praeter·</strong></span> 
     </span>
     <span class='ocr_line' id='line_1_22' title="bbox 88 2195 1182 2294; baseline 0.002 -26"><span class='ocrx_word' id='word_1_177' title='bbox 88 2205 158 2286; x_wconf 91' lang='lat' dir='ltr'><strong>iret,</strong></span> <span class='ocrx_word' id='word_1_178' title='bbox 186 2203 226 2274; x_wconf 87' lang='lat' dir='ltr'><strong>P.</strong></span> <span class='ocrx_word' id='word_1_179' title='bbox 249 2207 325 2293; x_wconf 90' lang='lat' dir='ltr'><strong>ipse</strong></span> <span class='ocrx_word' id='word_1_180' title='bbox 346 2208 499 2294; x_wconf 81' lang='lat' dir='ltr'><strong>exposuit</strong></span> <span class='ocrx_word' id='word_1_181' title='bbox 521 2206 631 2271; x_wconf 88' lang='lat' dir='ltr'><strong>verbis</strong></span> <span class='ocrx_word' id='word_1_182' title='bbox 651 2201 711 2292; x_wconf 74' lang='grc' dir='ltr'><strong>τὴν</strong></span> <span class='ocrx_word' id='word_1_183' title='bbox 729 2202 967 2288; x_wconf 71' lang='grc' dir='ltr'><strong><em>ἀπολύτρωσιν</em></strong></span> <span class='ocrx_word' id='word_1_184' title='bbox 984 2228 1013 2268; x_wconf 84' lang='grc' dir='ltr'><strong>τ.</strong></span> <span class='ocrx_word' id='word_1_185' title='bbox 1033 2227 1063 2271; x_wconf 93' lang='grc' dir='ltr'><strong>σ.</strong></span> <span class='ocrx_word' id='word_1_186' title='bbox 1085 2195 1117 2291; x_wconf 81' lang='grc' dir='ltr'><strong>ἦ.</strong></span> <span class='ocrx_word' id='word_1_187' title='bbox 1138 2241 1182 2258; x_wconf 81' lang='lat'><strong>--</strong></span> 
     </span>
     <span class='ocr_line' id='line_1_23' title="bbox 86 2288 1179 2379; baseline 0.003 -24"><span class='ocrx_word' id='word_1_188' title='bbox 86 2288 284 2379; x_wconf 85' lang='lat' dir='ltr'><strong>adoptionem</strong></span> <span class='ocrx_word' id='word_1_189' title='bbox 301 2295 430 2373; x_wconf 83' lang='lat' dir='ltr'><strong>(servos</strong></span> <span class='ocrx_word' id='word_1_190' title='bbox 447 2291 479 2354; x_wconf 86' lang='lat' dir='ltr'><strong>in</strong></span> <span class='ocrx_word' id='word_1_191' title='bbox 495 2291 683 2356; x_wconf 85' lang='lat' dir='ltr'><strong>libertatem</strong></span> <span class='ocrx_word' id='word_1_192' title='bbox 702 2289 955 2372; x_wconf 87' lang='lat' dir='ltr'><strong>vindicantem),</strong></span> <span class='ocrx_word' id='word_1_193' title='bbox 976 2288 1049 2356; x_wconf 90' lang='lat' dir='ltr'><strong>dico</strong></span> <span class='ocrx_word' id='word_1_194' title='bbox 1071 2298 1179 2358; x_wconf 69' lang='lat' dir='ltr'><strong>numm</strong></span> 
     </span>
     <span class='ocr_line' id='line_1_24' title="bbox 86 2375 1181 2463; baseline 0.004 -23"><span class='ocrx_word' id='word_1_195' title='bbox 86 2377 265 2442; x_wconf 88' lang='lat' dir='ltr'><strong>libertatem</strong></span> <span class='ocrx_word' id='word_1_196' title='bbox 281 2398 298 2440; x_wconf 88' lang='lat' dir='ltr'><strong>a</strong></span> <span class='ocrx_word' id='word_1_197' title='bbox 314 2377 467 2463; x_wconf 80' lang='lat' dir='ltr'><strong>(caduco)</strong></span> <span class='ocrx_word' id='word_1_198' title='bbox 490 2397 555 2463; x_wconf 87' lang='lat' dir='ltr'><strong>quo</strong></span> <span class='ocrx_word' id='word_1_199' title='bbox 574 2376 686 2440; x_wconf 84' lang='lat' dir='ltr'><strong>amicti</strong></span> <span class='ocrx_word' id='word_1_200' title='bbox 708 2397 822 2441; x_wconf 90' lang='lat' dir='ltr'><strong>sumus</strong></span> <span class='ocrx_word' id='word_1_201' title='bbox 842 2396 993 2461; x_wconf 86' lang='lat' dir='ltr'><strong>corpore.</strong></span> <span class='ocrx_word' id='word_1_202' title='bbox 1038 2375 1181 2444; x_wconf 89' lang='lat' dir='ltr'><strong>Temere</strong></span> 
     </span>
     <span class='ocr_line' id='line_1_25' title="bbox 86 2457 1179 2547; baseline 0.003 -21"><span class='ocrx_word' id='word_1_203' title='bbox 86 2461 150 2530; x_wconf 77' lang='lat' dir='ltr'><strong>dW,</strong></span> <span class='ocrx_word' id='word_1_204' title='bbox 163 2457 342 2528; x_wconf 81' lang='grc' dir='ltr'><strong><em>υἱοθεσίαν</em></strong></span> <span class='ocrx_word' id='word_1_205' title='bbox 356 2463 388 2526; x_wconf 93' lang='lat' dir='ltr'><strong>in</strong></span> <span class='ocrx_word' id='word_1_206' title='bbox 406 2461 447 2527; x_wconf 90' lang='lat' dir='ltr'><strong>iis</strong></span> <span class='ocrx_word' id='word_1_207' title='bbox 466 2482 540 2543; x_wconf 86' lang='lat' dir='ltr'><strong>esse</strong></span> <span class='ocrx_word' id='word_1_208' title='bbox 557 2461 803 2538; x_wconf 84' lang='lat' dir='ltr'><strong>Substantivis‚</strong></span> <span class='ocrx_word' id='word_1_209' title='bbox 833 2461 955 2547; x_wconf 87' lang='lat' dir='ltr'><strong>quibus</strong></span> <span class='ocrx_word' id='word_1_210' title='bbox 975 2461 1068 2526; x_wconf 90' lang='lat' dir='ltr'><strong>linite</strong></span> <span class='ocrx_word' id='word_1_211' title='bbox 1112 2465 1179 2529; x_wconf 88' lang='lat' dir='ltr'><strong>osi-</strong></span> 
     </span>
     <span class='ocr_line' id='line_1_26' title="bbox 85 2483 1178 2656; baseline 0.005 -46"><span class='ocrx_word' id='word_1_212' title='bbox 85 2547 123 2612; x_wconf 90' lang='lat' dir='ltr'><strong>tis</strong></span> <span class='ocrx_word' id='word_1_213' title='bbox 149 2548 343 2614; x_wconf 81' lang='lat' dir='ltr'><strong>Articulum</strong></span> <span class='ocrx_word' id='word_1_214' title='bbox 373 2547 492 2632; x_wconf 80' lang='lat' dir='ltr'><strong>Graeci</strong></span> <span class='ocrx_word' id='word_1_215' title='bbox 521 2569 621 2656; x_wconf 86' lang='lat' dir='ltr'><strong>saepe</strong></span> <span class='ocrx_word' id='word_1_216' title='bbox 650 2567 713 2611; x_wconf 92' lang='lat' dir='ltr'><strong>non</strong></span> <span class='ocrx_word' id='word_1_217' title='bbox 746 2545 960 2634; x_wconf 78' lang='lat' dir='ltr'><strong>adjecerupt,</strong></span> <span class='ocrx_word' id='word_1_218' title='bbox 997 2483 1178 2633; x_wconf 80' lang='lat' dir='ltr'><strong>perbibuit.</strong></span> 
     </span>
     <span class='ocr_line' id='line_1_27' title="bbox 27 2625 1178 2711; baseline 0.002 -15"><span class='ocrx_word' id='word_1_219' title='bbox 27 2697 28 2702; x_wconf 66' lang='grc'><strong><em>,</em></strong></span> <span class='ocrx_word' id='word_1_220' title='bbox 87 2630 243 2699; x_wconf 89' lang='lat' dir='ltr'><strong>Omittunt</strong></span> <span class='ocrx_word' id='word_1_221' title='bbox 266 2625 441 2700; x_wconf 83' lang='grc' dir='ltr'><strong><em>υἱοθεσίαν</em></strong></span> <span class='ocrx_word' id='word_1_222' title='bbox 457 2633 500 2700; x_wconf 88' lang='grc' dir='ltr'><strong>Ι).</strong></span> <span class='ocrx_word' id='word_1_223' title='bbox 515 2631 554 2700; x_wconf 75' lang='lat' dir='ltr'><strong>ll.</strong></span> <span class='ocrx_word' id='word_1_224' title='bbox 571 2635 614 2704; x_wconf 71' lang='lat' dir='ltr'><strong>tx.</strong></span> <span class='ocrx_word' id='word_1_225' title='bbox 632 2631 744 2711; x_wconf 73' lang='lat' dir='ltr'><strong>Clam,</strong></span> <span class='ocrx_word' id='word_1_226' title='bbox 765 2629 908 2711; x_wconf 90' lang='lat' dir='ltr'><strong>Boern.,</strong></span> <span class='ocrx_word' id='word_1_227' title='bbox 936 2633 1178 2706; x_wconf 78' lang='lat' dir='ltr'><strong>Ambrosiast..</strong></span> 
     </span>
     <span class='ocr_line' id='line_1_28' title="bbox 85 2713 1178 2795; baseline 0.002 -13"><span class='ocrx_word' id='word_1_228' title='bbox 85 2713 189 2784; x_wconf 88' lang='lat' dir='ltr'><strong>Potest</strong></span> <span class='ocrx_word' id='word_1_229' title='bbox 202 2717 238 2783; x_wconf 91' lang='lat' dir='ltr'><strong>id</strong></span> <span class='ocrx_word' id='word_1_230' title='bbox 253 2737 367 2782; x_wconf 84' lang='lat' dir='ltr'><strong>errore</strong></span> <span class='ocrx_word' id='word_1_231' title='bbox 383 2717 502 2782; x_wconf 89' lang='lat' dir='ltr'><strong>lactum</strong></span> <span class='ocrx_word' id='word_1_232' title='bbox 516 2739 601 2787; x_wconf 89' lang='lat' dir='ltr'><strong>esse.</strong></span> <span class='ocrx_word' id='word_1_233' title='bbox 645 2716 757 2782; x_wconf 81' lang='lat' dir='ltr'><strong>Facile</strong></span> <span class='ocrx_word' id='word_1_234' title='bbox 771 2716 858 2781; x_wconf 91' lang='lat' dir='ltr'><strong>enim</strong></span> <span class='ocrx_word' id='word_1_235' title='bbox 881 2716 1050 2782; x_wconf 87' lang='lat' dir='ltr'><strong>somnians</strong></span> <span class='ocrx_word' id='word_1_236' title='bbox 1066 2719 1178 2795; x_wconf 41' lang='lat' dir='ltr'><strong>,libra-</strong></span> 
     </span>
    </p>
   </div>
   <div class='ocr_carea' id='block_1_6' title="bbox 27 2813 1176 2906">
    <p class='ocr_par' dir='ltr' id='par_1_6' title="bbox 27 2813 1176 2906">
     <span class='ocr_line' id='line_1_29' title="bbox 27 2813 1176 2906; baseline 0.003 -26"><span class='ocrx_word' id='word_1_237' title='bbox 27 2853 28 2866; x_wconf 50' lang='grc' dir='ltr'><strong><em>ι</em></strong></span> <span class='ocrx_word' id='word_1_238' title='bbox 85 2816 146 2882; x_wconf 87' lang='lat' dir='ltr'><strong>rius</strong></span> <span class='ocrx_word' id='word_1_239' title='bbox 160 2813 438 2906; x_wconf 70' lang='lat' dir='ltr'><strong>uiodcciovpost</strong></span> <span class='ocrx_word' id='word_1_240' title='bbox 454 2814 664 2897; x_wconf 80' lang='grc' dir='ltr'><strong><em>στενάζομεν</em></strong></span> <span class='ocrx_word' id='word_1_241' title='bbox 680 2816 926 2906; x_wconf 81' lang='lat' dir='ltr'><strong>praetermisit,</strong></span> <span class='ocrx_word' id='word_1_242' title='bbox 955 2839 1054 2902; x_wconf 88' lang='lat' dir='ltr'><strong>quum</strong></span> <span class='ocrx_word' id='word_1_243' title='bbox 1080 2831 1176 2904; x_wconf 80' lang='lat' dir='ltr'><strong>prue-</strong></span> 
     </span>
    </p>
   </div>
   <div class='ocr_carea' id='block_1_7' title="bbox 27 2897 1290 2990">
    <p class='ocr_par' dir='ltr' id='par_1_7' title="bbox 27 2897 1290 2990">
     <span class='ocr_line' id='line_1_30' title="bbox 27 2897 1290 2990; baseline 0.002 -22"><span class='ocrx_word' id='word_1_244' title='bbox 27 2899 28 2916; x_wconf 61' lang='lat'><strong>.</strong></span> <span class='ocrx_word' id='word_1_245' title='bbox 84 2904 185 2969; x_wconf 87' lang='lat' dir='ltr'><strong>sertim</strong></span> <span class='ocrx_word' id='word_1_246' title='bbox 206 2904 309 2967; x_wconf 88' lang='lat' dir='ltr'><strong>etiam</strong></span> <span class='ocrx_word' id='word_1_247' title='bbox 333 2906 483 2987; x_wconf 75' lang='lat' dir='ltr'><strong>neglecto</strong></span> <span class='ocrx_word' id='word_1_248' title='bbox 506 2923 537 2970; x_wconf 89' lang='lat' dir='ltr'><strong>v.</strong></span> <span class='ocrx_word' id='word_1_249' title='bbox 560 2897 736 2968; x_wconf 72' lang='lat' dir='ltr'><strong>vindeciaco</strong></span> <span class='ocrx_word' id='word_1_250' title='bbox 757 2905 852 2990; x_wconf 91' lang='lat' dir='ltr'><strong>plena</strong></span> <span class='ocrx_word' id='word_1_251' title='bbox 875 2909 965 2966; x_wconf 88' lang='lat' dir='ltr'><strong>esset</strong></span> <span class='ocrx_word' id='word_1_252' title='bbox 987 2902 1176 2971; x_wconf 89' lang='lat' dir='ltr'><strong>oratio:-</strong></span> <span class='ocrx_word' id='word_1_253' title='bbox 1241 2942 1248 2956; x_wconf 42' lang='grc' dir='ltr'><strong>κ</strong></span> <span class='ocrx_word' id='word_1_254' title='bbox 1287 2971 1290 2984; x_wconf 35' lang='lat'><em>¹</em></span> 
     </span>
    </p>
   </div>
   <div class='ocr_carea' id='block_1_8' title="bbox 27 2982 1253 4180">
    <p class='ocr_par' dir='ltr' id='par_1_8' title="bbox 27 2982 1238 3434">
     <span class='ocr_line' id='line_1_31' title="bbox 85 2982 1177 3073; baseline 0.005 -22"><span class='ocrx_word' id='word_1_255' title='bbox 85 2987 271 3068; x_wconf 79' lang='grc' dir='ltr'><strong><em>στενάζομεν</em></strong></span> <span class='ocrx_word' id='word_1_256' title='bbox 308 2982 644 3070; x_wconf 77' lang='grc' dir='ltr'><strong><em>ἀπεκδεχόμενοι</em></strong></span> <span class='ocrx_word' id='word_1_257' title='bbox 670 2985 744 3073; x_wconf 76' lang='grc' dir='ltr'><strong>τὴν</strong></span> <span class='ocrx_word' id='word_1_258' title='bbox 771 2983 1066 3070; x_wconf 75' lang='grc' dir='ltr'><strong><em>ἀπολύτρωσιν</em></strong></span> <span class='ocrx_word' id='word_1_259' title='bbox 1102 2992 1177 3057; x_wconf 80' lang='grc' dir='ltr'><strong><em>τοί</em></strong></span> 
     </span>
     <span class='ocr_line' id='line_1_32' title="bbox 83 3067 1176 3178; baseline 0.004 -42"><span class='ocrx_word' id='word_1_260' title='bbox 83 3071 269 3154; x_wconf 79' lang='grc' dir='ltr'><strong><em>σώματος</em></strong></span> <span class='ocrx_word' id='word_1_261' title='bbox 293 3067 411 3158; x_wconf 71' lang='grc' dir='ltr'><strong><em>ἡμῶν.</em></strong></span> <span class='ocrx_word' id='word_1_262' title='bbox 453 3072 520 3138; x_wconf 87' lang='lat' dir='ltr'><strong>Sed</strong></span> <span class='ocrx_word' id='word_1_263' title='bbox 544 3081 685 3178; x_wconf 86' lang='lat' dir='ltr'><strong>possunt</strong></span> <span class='ocrx_word' id='word_1_264' title='bbox 706 3071 804 3137; x_wconf 82' lang='lat' dir='ltr'><strong>etiarn</strong></span> <span class='ocrx_word' id='word_1_265' title='bbox 828 3081 1034 3139; x_wconf 88' lang='lat' dir='ltr'><strong>correctores</strong></span> <span class='ocrx_word' id='word_1_266' title='bbox 1054 3067 1176 3140; x_wconf 87' lang='grc' dir='ltr'><strong><em>υἱοθε-</em></strong></span> 
     </span>
     <span class='ocr_line' id='line_1_33' title="bbox 27 3152 1238 3244; baseline 0.004 -23"><span class='ocrx_word' id='word_1_267' title='bbox 27 3223 28 3240; x_wconf 21' lang='grc' dir='ltr'><strong><em>ρ</em></strong></span> <span class='ocrx_word' id='word_1_268' title='bbox 84 3153 148 3222; x_wconf 85' lang='grc' dir='ltr'><strong><em>σίου</em></strong></span> <span class='ocrx_word' id='word_1_269' title='bbox 166 3158 352 3240; x_wconf 85' lang='lat' dir='ltr'><strong>delevisse,</strong></span> <span class='ocrx_word' id='word_1_270' title='bbox 373 3181 403 3226; x_wconf 92' lang='lat' dir='ltr'><strong>v.</strong></span> <span class='ocrx_word' id='word_1_271' title='bbox 418 3153 594 3224; x_wconf 85' lang='grc' dir='ltr'><strong><em>υἱοθεοιαν</em></strong></span> <span class='ocrx_word' id='word_1_272' title='bbox 607 3152 866 3238; x_wconf 73' lang='grc' dir='ltr'><strong><em>ἀπεκδεχόμενοι</em></strong></span> <span class='ocrx_word' id='word_1_273' title='bbox 880 3157 940 3238; x_wconf 91' lang='lat' dir='ltr'><strong>iis,</strong></span> <span class='ocrx_word' id='word_1_274' title='bbox 967 3179 1050 3244; x_wconf 91' lang='lat' dir='ltr'><strong>quae</strong></span> <span class='ocrx_word' id='word_1_275' title='bbox 1074 3179 1104 3226; x_wconf 90' lang='lat' dir='ltr'><strong>v.</strong></span> <span class='ocrx_word' id='word_1_276' title='bbox 1123 3159 1174 3231; x_wconf 79' lang='lat'><strong>15.</strong></span> <span class='ocrx_word' id='word_1_277' title='bbox 1232 3182 1238 3197; x_wconf 65' lang='lat'><strong>.</strong></span> 
     </span>
     <span class='ocr_line' id='line_1_34' title="bbox 82 3241 1174 3331; baseline 0.003 -25"><span class='ocrx_word' id='word_1_278' title='bbox 82 3241 246 3327; x_wconf 83' lang='lat' dir='ltr'><strong>leguntur,</strong></span> <span class='ocrx_word' id='word_1_279' title='bbox 269 3263 454 3331; x_wconf 82' lang='lat' dir='ltr'><strong>repugnare</strong></span> <span class='ocrx_word' id='word_1_280' title='bbox 471 3242 610 3331; x_wconf 90' lang='lat' dir='ltr'><strong>opinati.</strong></span> <span class='ocrx_word' id='word_1_281' title='bbox 653 3241 789 3307; x_wconf 88' lang='lat' dir='ltr'><strong>Monent</strong></span> <span class='ocrx_word' id='word_1_282' title='bbox 811 3242 898 3306; x_wconf 88' lang='lat' dir='ltr'><strong>enim</strong></span> <span class='ocrx_word' id='word_1_283' title='bbox 919 3247 1050 3312; x_wconf 82' lang='lat' dir='ltr'><strong>veteres</strong></span> <span class='ocrx_word' id='word_1_284' title='bbox 1071 3243 1174 3309; x_wconf 88' lang='lat' dir='ltr'><strong>inter-</strong></span> 
     </span>
     <span class='ocr_line' id='line_1_35' title="bbox 27 3325 1172 3434; baseline 0.006 -43"><span class='ocrx_word' id='word_1_285' title='bbox 27 3409 28 3418; x_wconf 13' lang='grc' dir='ltr'><strong><em>ρ</em></strong></span> <span class='ocrx_word' id='word_1_286' title='bbox 82 3335 243 3434; x_wconf 63' lang='lat' dir='ltr'><strong>pnetesqv.</strong></span> <span class='ocrx_word' id='word_1_287' title='bbox 261 3329 422 3413; x_wconf 81' lang='lat' dir='ltr'><strong>c.01·ig.,</strong></span> <span class='ocrx_word' id='word_1_288' title='bbox 444 3328 565 3413; x_wconf 80' lang='lat' dir='ltr'><strong>Chrys.</strong></span> <span class='ocrx_word' id='word_1_289' title='bbox 589 3339 623 3392; x_wconf 92' lang='lat' dir='ltr'><strong>et</strong></span> <span class='ocrx_word' id='word_1_290' title='bbox 637 3327 862 3414; x_wconf 78' lang='lat' dir='ltr'><strong>&#39;l&#39;beopbyl.),</strong></span> <span class='ocrx_word' id='word_1_291' title='bbox 894 3325 1052 3406; x_wconf 89' lang='lat' dir='ltr'><strong>Paulum,</strong></span> <span class='ocrx_word' id='word_1_292' title='bbox 1073 3352 1172 3415; x_wconf 87' lang='lat' dir='ltr'><strong>quum</strong></span> 
     </span>
    </p>

    <p class='ocr_par' dir='ltr' id='par_1_9' title="bbox 27 3407 1253 4180">
     <span class='ocr_line' id='line_1_36' title="bbox 83 3407 1174 3492; baseline 0.005 -16"><span class='ocrx_word' id='word_1_293' title='bbox 83 3407 250 3482; x_wconf 88' lang='grc' dir='ltr'><strong><em>υἱοθεσιαν</em></strong></span> <span class='ocrx_word' id='word_1_294' title='bbox 275 3409 533 3492; x_wconf 72' lang='grc' dir='ltr'><strong><em>ἀπεκδεχόμενοι</em></strong></span> <span class='ocrx_word' id='word_1_295' title='bbox 559 3414 591 3480; x_wconf 87' lang='grc' dir='ltr'><strong><em>ἱι.</em></strong></span> <span class='ocrx_word' id='word_1_296' title='bbox 620 3413 645 3481; x_wconf 94' lang='lat' dir='ltr'><strong>l.</strong></span> <span class='ocrx_word' id='word_1_297' title='bbox 667 3415 828 3480; x_wconf 86' lang='lat' dir='ltr'><strong>scriberet</strong></span> <span class='ocrx_word' id='word_1_298' title='bbox 849 3435 913 3477; x_wconf 92' lang='lat' dir='ltr'><strong>non</strong></span> <span class='ocrx_word' id='word_1_299' title='bbox 932 3414 1174 3482; x_wconf 80' lang='lat' dir='ltr'><strong>contradixisse</strong></span> 
     </span>
     <span class='ocr_line' id='line_1_37' title="bbox 27 3493 1173 3582; baseline 0.002 -18"><span class='ocrx_word' id='word_1_300' title='bbox 27 3503 28 3510; x_wconf 74' lang='grc'>’</span> <span class='ocrx_word' id='word_1_301' title='bbox 80 3498 180 3564; x_wconf 89' lang='lat' dir='ltr'><strong>verbis</strong></span> <span class='ocrx_word' id='word_1_302' title='bbox 202 3523 234 3569; x_wconf 90' lang='lat' dir='ltr'><strong>v.</strong></span> <span class='ocrx_word' id='word_1_303' title='bbox 262 3499 314 3569; x_wconf 80' lang='lat'><strong>1⁵.</strong></span> <span class='ocrx_word' id='word_1_304' title='bbox 335 3495 595 3579; x_wconf 73' lang='grc' dir='ltr'><strong><em>ἀλλ’ίὶυίβεεε</em></strong></span> <span class='ocrx_word' id='word_1_305' title='bbox 617 3497 778 3582; x_wconf 83' lang='grc' dir='ltr'><strong><em>πνεδμα</em></strong></span> <span class='ocrx_word' id='word_1_306' title='bbox 802 3493 1049 3578; x_wconf 81' lang='grc' dir='ltr'><strong><em>υἱοθεσίας,</em></strong></span> <span class='ocrx_word' id='word_1_307' title='bbox 1086 3501 1173 3568; x_wconf 89' lang='lat' dir='ltr'><strong>unde</strong></span> 
     </span>
     <span class='ocr_line' id='line_1_38' title="bbox 81 3582 1253 3675; baseline 0.006 -30"><span class='ocrx_word' id='word_1_308' title='bbox 81 3594 130 3648; x_wconf 92' lang='lat' dir='ltr'><strong>aut</strong></span> <span class='ocrx_word' id='word_1_309' title='bbox 145 3585 251 3650; x_wconf 87' lang='lat' dir='ltr'><strong>luisse</strong></span> <span class='ocrx_word' id='word_1_310' title='bbox 270 3584 482 3672; x_wconf 73' lang='lat' dir='ltr'><strong>antiquitus,</strong></span> <span class='ocrx_word' id='word_1_311' title='bbox 501 3582 657 3672; x_wconf 84' lang='lat' dir='ltr'><strong>quibaec</strong></span> <span class='ocrx_word' id='word_1_312' title='bbox 679 3605 793 3672; x_wconf 87' lang='lat' dir='ltr'><strong>parum</strong></span> <span class='ocrx_word' id='word_1_313' title='bbox 811 3585 985 3649; x_wconf 87' lang='lat' dir='ltr'><strong>concinere</strong></span> <span class='ocrx_word' id='word_1_314' title='bbox 1005 3593 1173 3675; x_wconf 85' lang='lat' dir='ltr'><strong>putarent,</strong></span> <span class='ocrx_word' id='word_1_315' title='bbox 1249 3587 1253 3600; x_wconf 89' lang='lat'><em>&#39;</em></span> 
     </span>
     <span class='ocr_line' id='line_1_39' title="bbox 80 3666 1172 3756; baseline 0.005 -25"><span class='ocrx_word' id='word_1_316' title='bbox 80 3679 130 3733; x_wconf 87' lang='lat' dir='ltr'><strong>aut</strong></span> <span class='ocrx_word' id='word_1_317' title='bbox 145 3682 275 3736; x_wconf 86' lang='lat' dir='ltr'><strong>veteres</strong></span> <span class='ocrx_word' id='word_1_318' title='bbox 290 3671 510 3756; x_wconf 82' lang='lat' dir='ltr'><strong>explicatores</strong></span> <span class='ocrx_word' id='word_1_319' title='bbox 532 3667 707 3751; x_wconf 86' lang='lat' dir='ltr'><strong>metuisse,</strong></span> <span class='ocrx_word' id='word_1_320' title='bbox 735 3689 775 3733; x_wconf 88' lang='lat' dir='ltr'><strong>ne</strong></span> <span class='ocrx_word' id='word_1_321' title='bbox 797 3669 854 3753; x_wconf 93' lang='lat' dir='ltr'><strong>qui</strong></span> <span class='ocrx_word' id='word_1_322' title='bbox 870 3666 1008 3735; x_wconf 88' lang='lat' dir='ltr'><strong>l’anlnm</strong></span> <span class='ocrx_word' id='word_1_323' title='bbox 1030 3671 1098 3750; x_wconf 88' lang='lat' dir='ltr'><strong>sibi</strong></span> <span class='ocrx_word' id='word_1_324' title='bbox 1118 3693 1172 3737; x_wconf 90' lang='lat' dir='ltr'><strong>re-</strong></span> 
     </span>
     <span class='ocr_line' id='line_1_40' title="bbox 80 3753 1171 3854; baseline 0.005 -36"><span class='ocrx_word' id='word_1_325' title='bbox 80 3773 237 3840; x_wconf 76' lang='lat' dir='ltr'><strong>pugnasse</strong></span> <span class='ocrx_word' id='word_1_326' title='bbox 255 3754 502 3834; x_wconf 82' lang='lat' dir='ltr'><strong>existimarent,</strong></span> <span class='ocrx_word' id='word_1_327' title='bbox 523 3755 750 3840; x_wconf 89' lang='lat' dir='ltr'><strong>consequitur.</strong></span> <span class='ocrx_word' id='word_1_328' title='bbox 801 3753 1098 3854; x_wconf 53' lang='lat' dir='ltr'><strong>Cemefflenpiinurn</strong></span> <span class='ocrx_word' id='word_1_329' title='bbox 1119 3766 1171 3823; x_wconf 90' lang='lat' dir='ltr'><strong>est</strong></span> 
     </span>
     <span class='ocr_line' id='line_1_41' title="bbox 79 3833 1171 3927; baseline 0.005 -25"><span class='ocrx_word' id='word_1_330' title='bbox 79 3857 105 3906; x_wconf 92' lang='lat' dir='ltr'><strong>v.</strong></span> <span class='ocrx_word' id='word_1_331' title='bbox 116 3833 312 3918; x_wconf 83' lang='grc' dir='ltr'><strong><em>υἱοθεσίαν,</em></strong></span> <span class='ocrx_word' id='word_1_332' title='bbox 334 3839 420 3927; x_wconf 92' lang='lat' dir='ltr'><strong>quod</strong></span> <span class='ocrx_word' id='word_1_333' title='bbox 436 3851 558 3904; x_wconf 83' lang='lat' dir='ltr'><strong>temere</strong></span> <span class='ocrx_word' id='word_1_334' title='bbox 571 3846 648 3922; x_wconf 78' lang='lat' dir='ltr'><strong>agcrt</strong></span> <span class='ocrx_word' id='word_1_335' title='bbox 663 3838 721 3925; x_wconf 88' lang='lat' dir='ltr'><strong>qui</strong></span> <span class='ocrx_word' id='word_1_336' title='bbox 736 3839 834 3903; x_wconf 88' lang='lat' dir='ltr'><strong>nixus</strong></span> <span class='ocrx_word' id='word_1_337' title='bbox 852 3837 988 3919; x_wconf 78' lang='lat' dir='ltr'><strong>latonia,</strong></span> <span class='ocrx_word' id='word_1_338' title='bbox 1015 3841 1075 3927; x_wconf 89' lang='lat' dir='ltr'><strong>qui</strong></span> <span class='ocrx_word' id='word_1_339' title='bbox 1093 3843 1171 3906; x_wconf 79' lang='lat' dir='ltr'><strong>cdo-</strong></span> 
     </span>
     <span class='ocr_line' id='line_1_42' title="bbox 79 3920 1171 4011; baseline 0.003 -23"><span class='ocrx_word' id='word_1_340' title='bbox 79 3925 209 4003; x_wconf 80' lang='lat' dir='ltr'><strong>ptiouem</strong></span> <span class='ocrx_word' id='word_1_341' title='bbox 221 3923 367 4009; x_wconf 77' lang='lat' dir='ltr'><strong>filiorum</strong></span> <span class='ocrx_word' id='word_1_342' title='bbox 380 3924 498 4011; x_wconf 56' lang='grc' dir='ltr'><strong><em>(Ιίιιρί,</em></strong></span> <span class='ocrx_word' id='word_1_343' title='bbox 524 3925 591 3990; x_wconf 78' lang='lat' dir='ltr'><strong>ret.</strong></span> <span class='ocrx_word' id='word_1_344' title='bbox 612 3926 693 4005; x_wconf 71' lang='lat' dir='ltr'><strong>ab),</strong></span> <span class='ocrx_word' id='word_1_345' title='bbox 715 3923 917 4005; x_wconf 80' lang='lat' dir='ltr'><strong>adoptionem</strong></span> <span class='ocrx_word' id='word_1_346' title='bbox 935 3920 1077 4005; x_wconf 78' lang='lat' dir='ltr'><strong>fitiorum</strong></span> <span class='ocrx_word' id='word_1_347' title='bbox 1093 3925 1171 3991; x_wconf 84' lang='lat' dir='ltr'><strong>Dei</strong></span> 
     </span>
     <span class='ocr_line' id='line_1_43' title="bbox 78 4006 1215 4096; baseline 0.004 -25"><span class='ocrx_word' id='word_1_348' title='bbox 78 4006 210 4096; x_wconf 51' lang='lat' dir='ltr'><strong>(vulp,</strong></span> <span class='ocrx_word' id='word_1_349' title='bbox 232 4009 365 4092; x_wconf 87' lang='lat' dir='ltr'><strong>Sedul.)</strong></span> <span class='ocrx_word' id='word_1_350' title='bbox 384 4009 569 4088; x_wconf 75' lang='lat' dir='ltr'><strong>coortineut,</strong></span> <span class='ocrx_word' id='word_1_351' title='bbox 591 4010 622 4070; x_wconf 87' lang='lat' dir='ltr'><strong>in</strong></span> <span class='ocrx_word' id='word_1_352' title='bbox 646 4009 866 4096; x_wconf 82' lang='lat' dir='ltr'><strong>suspicionem</strong></span> <span class='ocrx_word' id='word_1_353' title='bbox 889 4006 1051 4074; x_wconf 86' lang='lat' dir='ltr'><strong>adducere</strong></span> <span class='ocrx_word' id='word_1_354' title='bbox 1072 4011 1169 4075; x_wconf 82' lang='lat' dir='ltr'><strong>conc·</strong></span> <span class='ocrx_word' id='word_1_355' title='bbox 1211 4070 1215 4084; x_wconf 84' lang='lat'><strong>,</strong></span> 
     </span>
     <span class='ocr_line' id='line_1_44' title="bbox 79 4089 1168 4180; baseline 0.006 -26"><span class='ocrx_word' id='word_1_356' title='bbox 79 4100 137 4162; x_wconf 92' lang='lat' dir='ltr'><strong>tur.</strong></span> <span class='ocrx_word' id='word_1_357' title='bbox 177 4094 268 4162; x_wconf 87' lang='lat' dir='ltr'><strong>Nem</strong></span> <span class='ocrx_word' id='word_1_358' title='bbox 290 4091 350 4180; x_wconf 69' lang='grc' dir='ltr'><strong>τόν</strong></span> <span class='ocrx_word' id='word_1_359' title='bbox 370 4089 544 4159; x_wconf 88' lang='grc' dir='ltr'><strong><em>υἱοθεσίαν</em></strong></span> <span class='ocrx_word' id='word_1_360' title='bbox 565 4094 622 4156; x_wconf 89' lang='lat' dir='ltr'><strong>alii</strong></span> <span class='ocrx_word' id='word_1_361' title='bbox 642 4095 860 4174; x_wconf 72' lang='lat' dir='ltr'><strong>redentionem,</strong></span> <span class='ocrx_word' id='word_1_362' title='bbox 887 4093 946 4157; x_wconf 86' lang='lat' dir='ltr'><strong>alii</strong></span> <span class='ocrx_word' id='word_1_363' title='bbox 968 4095 1168 4175; x_wconf 83' lang='lat' dir='ltr'><strong>adoptionem</strong></span> 
     </span>
    </p>
   </div>
   <div class='ocr_carea' id='block_1_9' title="bbox 76 4173 1288 4281">
    <p class='ocr_par' dir='ltr' id='par_1_10' title="bbox 76 4173 1288 4281">
     <span class='ocr_line' id='line_1_45' title="bbox 76 4173 1288 4281; baseline -0.002 -36"><span class='ocrx_word' id='word_1_364' title='bbox 76 4173 208 4257; x_wconf 74' lang='lat' dir='ltr'><strong>fillonem</strong></span> <span class='ocrx_word' id='word_1_365' title='bbox 225 4185 397 4245; x_wconf 86' lang='lat' dir='ltr'><strong>verterunt</strong></span> <span class='ocrx_word' id='word_1_366' title='bbox 411 4185 457 4264; x_wconf 78' lang='lat' dir='ltr'><strong>(v.</strong></span> <span class='ocrx_word' id='word_1_367' title='bbox 470 4200 500 4246; x_wconf 90' lang='lat' dir='ltr'><strong>v.</strong></span> <span class='ocrx_word' id='word_1_368' title='bbox 518 4177 571 4245; x_wconf 81' lang='lat'><strong>1⁵.</strong></span> <span class='ocrx_word' id='word_1_369' title='bbox 586 4180 618 4257; x_wconf 86' lang='lat'><strong>9,</strong></span> <span class='ocrx_word' id='word_1_370' title='bbox 626 4181 660 4244; x_wconf 80' lang='grc'><strong>4.</strong></span> <span class='ocrx_word' id='word_1_371' title='bbox 683 4178 760 4245; x_wconf 87' lang='lat' dir='ltr'><strong>Gal.</strong></span> <span class='ocrx_word' id='word_1_372' title='bbox 776 4179 849 4258; x_wconf 79' lang='lat'><strong>4‚5.</strong></span> <span class='ocrx_word' id='word_1_373' title='bbox 869 4176 954 4281; x_wconf 86' lang='lat' dir='ltr'><strong>pr.</strong></span> <span class='ocrx_word' id='word_1_374' title='bbox 978 4180 1100 4259; x_wconf 78' lang='lat' dir='ltr'><strong>1‚5.et</strong></span> <span class='ocrx_word' id='word_1_375' title='bbox 1121 4179 1169 4246; x_wconf 92' lang='lat' dir='ltr'><strong>ibi</strong></span> <span class='ocrx_word' id='word_1_376' title='bbox 1256 4175 1258 4185; x_wconf 83' lang='lat'>&#39;</span> <span class='ocrx_word' id='word_1_377' title='bbox 1284 4217 1288 4230; x_wconf 86' lang='lat'><em>-</em></span> 
     </span>
    </p>
   </div>
   <div class='ocr_carea' id='block_1_10' title="bbox 79 4262 1178 4428">
    <p class='ocr_par' dir='ltr' id='par_1_11' title="bbox 79 4262 1178 4428">
     <span class='ocr_line' id='line_1_46' title="bbox 79 4262 1178 4348; baseline 0.008 -25"><span class='ocrx_word' id='word_1_378' title='bbox 79 4262 271 4348; x_wconf 68' lang='lat' dir='ltr'><strong>balbutiem),</strong></span> <span class='ocrx_word' id='word_1_379' title='bbox 304 4265 371 4330; x_wconf 85' lang='lat' dir='ltr'><strong>Dei</strong></span> <span class='ocrx_word' id='word_1_380' title='bbox 388 4273 505 4329; x_wconf 75' lang='lat' dir='ltr'><strong>&#39;autem</strong></span> <span class='ocrx_word' id='word_1_381' title='bbox 528 4265 679 4328; x_wconf 89' lang='lat' dir='ltr'><strong>nonnulli</strong></span> <span class='ocrx_word' id='word_1_382' title='bbox 699 4266 731 4332; x_wconf 91' lang='lat' dir='ltr'><strong>b.</strong></span> <span class='ocrx_word' id='word_1_383' title='bbox 752 4266 776 4331; x_wconf 90' lang='lat' dir='ltr'><strong>l.</strong></span> <span class='ocrx_word' id='word_1_384' title='bbox 798 4285 874 4348; x_wconf 89' lang='lat' dir='ltr'><strong>pers</strong></span> <span class='ocrx_word' id='word_1_385' title='bbox 899 4263 1048 4329; x_wconf 80' lang='lat' dir='ltr'><strong>nouitatis</strong></span> <span class='ocrx_word' id='word_1_386' title='bbox 1068 4267 1178 4333; x_wconf 67' lang='lat' dir='ltr'><strong>causi</strong></span> 
     </span>
     <span class='ocr_line' id='line_1_47' title="bbox 79 4346 1167 4428; baseline 0.008 -20"><span class='ocrx_word' id='word_1_387' title='bbox 79 4347 298 4418; x_wconf 64' lang='lat' dir='ltr'><strong>addiderunt..</strong></span> <span class='ocrx_word' id='word_1_388' title='bbox 325 4349 482 4428; x_wconf 83' lang='lat' dir='ltr'><strong>Ceterum</strong></span> <span class='ocrx_word' id='word_1_389' title='bbox 499 4346 539 4417; x_wconf 89' lang='lat' dir='ltr'><strong>P.</strong></span> <span class='ocrx_word' id='word_1_390' title='bbox 555 4371 639 4414; x_wconf 89' lang='lat' dir='ltr'><strong>nunc</strong></span> <span class='ocrx_word' id='word_1_391' title='bbox 661 4371 730 4416; x_wconf 86' lang='grc' dir='ltr'><strong><em>ειεε</em></strong></span> <span class='ocrx_word' id='word_1_392' title='bbox 750 4370 806 4415; x_wconf 78' lang='grc' dir='ltr'><strong>κον</strong></span> <span class='ocrx_word' id='word_1_393' title='bbox 826 4349 861 4412; x_wconf 86' lang='lat' dir='ltr'><strong>iu</strong></span> <span class='ocrx_word' id='word_1_394' title='bbox 909 4349 940 4416; x_wconf 88' lang='lat' dir='ltr'><strong>ci</strong></span> <span class='ocrx_word' id='word_1_395' title='bbox 959 4348 1073 4419; x_wconf 77' lang='lat' dir='ltr'><strong>titano</strong></span> <span class='ocrx_word' id='word_1_396' title='bbox 1091 4351 1167 4418; x_wconf 82' lang='lat' dir='ltr'><strong>ado·</strong></span> 
     </span>
    </p>
   </div>
   <div class='ocr_carea' id='block_1_11' title="bbox 107 4431 842 4523">
    <p class='ocr_par' dir='ltr' id='par_1_12' title="bbox 107 4431 842 4523">
     <span class='ocr_line' id='line_1_48' title="bbox 107 4431 842 4523; baseline 0.003 -21"><span class='ocrx_word' id='word_1_397' title='bbox 107 4439 249 4508; x_wconf 74' lang='lat' dir='ltr'><strong>Fritzsclce</strong></span> <span class='ocrx_word' id='word_1_398' title='bbox 260 4449 312 4523; x_wconf 88' lang='lat' dir='ltr'><strong>Ep.</strong></span> <span class='ocrx_word' id='word_1_399' title='bbox 327 4451 361 4506; x_wconf 82' lang='lat' dir='ltr'><strong>ad</strong></span> <span class='ocrx_word' id='word_1_400' title='bbox 372 4451 455 4506; x_wconf 84' lang='lat' dir='ltr'><strong>Rom.</strong></span> <span class='ocrx_word' id='word_1_401' title='bbox 468 4449 504 4516; x_wconf 71' lang='lat' dir='ltr'><strong>P.</strong></span> <span class='ocrx_word' id='word_1_402' title='bbox 520 4449 552 4506; x_wconf 88' lang='lat' dir='ltr'><strong>ll.</strong></span> <span class='ocrx_word' id='word_1_403' title='bbox 805 4431 842 4498; x_wconf 80' lang='grc' dir='ltr'><strong>Μ</strong></span> 
     </span>
    </p>
   </div>
   <div class='ocr_carea' id='block_1_12' title="bbox 0 0 1412 5056">
    <p class='ocr_par' dir='ltr' id='par_1_13' title="bbox 0 0 1412 5056">
     <span class='ocr_line' id='line_1_49' title="bbox 0 0 1412 5056; baseline 0 6"><span class='ocrx_word' id='word_1_404' title='bbox 0 0 1412 5056; x_wconf 95' lang='lat' dir='ltr'><strong> </strong></span> 
     </span>
    </p>
   </div>
  </div>
 </body>
</html>
