2876 5056
212 323 282 412 nno
424 281 1167 396 urrsronaaaaouanos
1234 345 1237 352 ·

189 545 192 556 ,
213 480 263 568 cogi
276 475 430 568 [ideoque
443 479 543 546 etiam
557 478 630 548 Deo
641 477 732 566 prati
745 485 778 546 ct
790 477 915 566 accepti
929 482 948 546 1
961 479 1141 565 'rium
1154 481 1188 550 5.
1201 484 1220 548 1
1235 481 1317 552 Cor.

216 567 323 656 7‚ll.]
339 571 433 646 eunt,
454 585 562 631 eorum
574 565 694 646 posteri
706 565 820 665 quippe
840 588 863 632 a
881 569 1135 654 proqcnitoridus
1154 568 1221 634 saio
1243 569 1317 634 Deo

1421 515 1423 562 l

115 651 122 660 ’
214 649 392 718 consecrati
402 650 530 734 pariter
543 649 613 714 Deo
628 651 859 734 sacrretprnto'
870 655 983 738 mant),
1012 660 1048 720 et
1066 653 1098 718 si
1116 654 1221 740 stirps
1237 652 1315 718 Deo
1422 709 1423 740 ,

139 772 142 780 ‹
213 757 308 802 sacra
324 743 394 812 est,
414 741 492 799 sunt
507 734 605 802 etiam
619 733 702 798 rami
716 732 764 816 (ln.
779 753 809 802 e.
826 735 1092 820 aipatriarclrae,
1113 739 1168 824 qrri
1186 744 1317 824 pentem
1417 747 1423 816 j

242 1245 435 1326 osteriorem
449 1233 696 1308 sententiam‘in
710 1243 917 1329 patriarchas
932 1252 966 1311 et
981 1268 1085 1334 genus
1107 1249 1148 1312 ah
1169 1248 1213 1314 iis
1234 1270 1314 1336 pro··

207 1332 329 1405 lectum
345 1329 463 1394 dictam
478 1349 552 1393 esse
567 1327 664 1408 longe
680 1329 900 1397 certissimum
920 1339 985 1400 cst.
1027 1331 1114 1398 Nam
1135 1334 1169 1398 in
1190 1333 1314 1400 simili-

208 1415 338 1494 tudinis
352 1413 597 1479 continuatione
619 1407 643 1498 ῥ
662 1407 737 1498 ῥίζα
756 1414 979 1502 patrimcleuo,
1007 1412 1180 1484 cindados
1201 1439 1313 1486 eorum

189 1508 350 1588 ,posteros
360 1506 398 1569 et
412 1489 433 1584 ἢ
449 1495 547 1564 ἐλαία
560 1497 722 1566 nationem
730 1494 902 1584 judaicam
919 1499 1120 1585 declarant,
1154 1525 1228 1570 uam
1254 1504 1257 1509 ’
1276 1525 1311 1568 a·

207 1583 373 1653 triarchas
385 1603 565 1669 eorumque
584 1583 712 1670 posteri
732 1584 937 1650 constituant
957 1606 987 1654 v.
1009 1590 1063 1655 17.
1077 1525 1200 1656 Al..
1227 1525 1312 1661 ,dt-

204 1671 266 1832 ppi
279 1668 322 1737 ad
333 1667 629 1769 eosdemlmmineus
646 1669 739 1755 prior
753 1669 917 1734 sententia
939 1681 1066 1758 spectet
1086 1692 1223 1738 neeesse
1244 1681 1311 1742 est.

243 1756 341 1823 amsi
363 1747 398 1820 in
418 1754 504 1819 alios
524 1774 737 1842 nescioquas
757 1755 907 1820 hominos
930 1754 1018 1822 dicta
1035 1765 1126 1823 esset
1148 1779 1311 1845 quorsum
1422 1805 1423 1812 ί

116 1877 119 1886 ·
204 1842 389 1932 pertineret
404 1837 625 1920 nesciremus,
646 1860 744 1928 quum
757 1860 899 1925 quonam
914 1841 1087 1909 referenda
1103 1851 1194 1910 esset
1215 1835 1310 1911 nullo
1422 1849 1423 1858 ’

144 1981 149 2000 .
204 1925 367 1994 elemento
382 1927 453 2012 Ap.
465 1923 645 1992 docuisset.
693 1923 766 1990 Hoc
785 1924 859 2012 ipso
880 1936 989 1996 autem
1011 1928 1117 2016 priori
1136 1930 1310 1995 enuntiato

203 2011 344 2082 caudam
369 2030 466 2099 quam
496 2008 677 2098 posteriori
697 2011 895 2078 senteutiam
915 2013 1054 2079 subesse
1074 2011 1114 2083 P.
1136 2013 1310 2097 indicavit,

185 2141 188 2146 -
203 2097 294 2190 quod
302 2091 507 2185 posterioris
522 2094 660 2170 membri
672 2095 924 2162 similitudinem
939 2119 988 2166 vs.
1007 2101 1059 2166 17.
1073 2121 1148 2186 sqq.
1161 2099 1210 2164 ita
1231 2120 1308 2188 per-

204 2193 368 2270 sequutus
381 2189 445 2264 est,
466 2188 503 2247 ut
515 2181 639 2256 nullam
654 2179 884 2248 similitudinis
897 2183 1010 2273 priore
1024 2183 1096 2254 loeo
1110 2187 1240 2272 positae
1253 2207 1307 2250 ra·
1331 2235 1335 2242 .
1422 2245 1423 2248 ,

56 2318 58 2332 .
132 2273 133 2280 ’
168 2287 172 2306 ’
202 2263 490 2350 tionemhaberet.
530 2262 608 2349 Huic
630 2266 773 2349 aceedit,
801 2266 888 2354 quod
909 2267 1033 2356 prioris
1053 2269 1192 2336 membri
1214 2269 1308 2360 adje-
1422 2293 1423 2316 ³

201 2355 312 2422 ctione
325 2373 408 2441 opus
424 2358 513 2434 erat,
532 2352 571 2416 'ut
584 2348 606 2419 J
608 2349 754 2416 udaaisa
771 2352 972 2440 patriarchis
994 2356 1161 2442 impertita
1183 2357 1308 2422 sanati·

53 2509 55 2520 ‚
201 2446 256 2524 tas
269 2437 384 2507 effecta
395 2443 497 2504 esset.
541 2433 635 2522 Quae
647 2435 758 2502 verbis
773 2432 804 2502 ei
817 2434 838 2522 ἡ
853 2435 929 2523 ῥίζα
945 2432 1023 2524 ἁγία
1028 2486 1040 2518 ,
1067 2443 1124 2506 καὶ
1137 2435 1172 2506 oi
1185 2437 1307 2507 sicidae
1422 2457 1423 2462 ’

125 2551 132 2570 ¹
201 2526 337 2602 minime
357 2521 582 2589 demonstrata
605 2529 707 2589 esset.
748 2519 922 2588 Potuisset
942 2524 1028 2589 enim
1042 2523 1138 2592 Deus
1159 2526 1306 2613 patriar·
1413 2574 1416 2579 .

107 2675 109 2678 .
200 2611 283 2679 ciras
300 2616 438 2698 propter
457 2607 614 2693 pietatem
634 2614 668 2672 et
687 2601 844 2674 virtulem
864 2629 960 2676 caros
979 2608 1103 2676 habere
1125 2631 1307 2700 corumque

200 2693 347 2785 posteris
372 2699 511 2784 propter
538 2691 740 2779 impietatem
768 2692 946 2762 inimicari.
994 2692 1049 2761 lta
1078 2696 1306 2762 tautummodo

200 2779 370 2851 conclusio
384 2777 473 2851 valet
486 2777 516 2842 ri
524 2777 739 2862 patriarchae
752 2778 825 2843 Deo
834 2771 921 2846 sacri
933 2785 965 2844 et
977 2781 1103 2865 accepti
1113 2789 1207 2864 runt,
1231 2803 1303 2868 pa·
1422 2787 1423 2836 1

199 2868 284 2936 riter
296 2859 372 2931 dunt
385 2883 493 2930 corum
506 2860 628 2945 posteri
639 2854 720 2947 <ciri
741 2860 817 2948 ῥίζα
835 2856 929 2949 ἁγία,
957 2865 1015 2930 καί
1036 2859 1070 2931 oi
1091 2861 1243 2946 κλάδοι),
1273 2867 1306 2933 si
1422 2897 1423 2916 2

200 2973 314 3022 verum
329 2948 392 3032 sit,
413 2947 629 3038 etprimitias
643 2945 771 3012 larinas
783 2968 943 3030 massam,
957 2950 1006 3015 sic
1017 2950 1228 3033 patriarchas
1239 2973 1305 3036 qe·-
1422 2957 1423 3018 ἲ

200 3058 262 3104 aas
274 3055 368 3102 sorem
380 3051 597 3116 consecrasse,
625 3039 683 3098 aut
702 3033 909 3100 eruditatem
928 3054 950 3099 α
968 3033 1168 3117 patriarchis
1187 3035 1222 3099 in
1242 3059 1303 3101 eo-

198 3126 427 3204 rum-posteros
438 3114 641 3202 transfusum
654 3137 723 3184 esce
735 3111 781 3198 (si
799 3109 818 3204 ἡ
833 3113 966 3203 ’ἀπαρχὴ
979 3113 1073 3202 ἁγία,
1102 3120 1158 3185 καὶ
1172 3120 1212 3185 τὸ
1229 3116 1305 3206 φί-

198 3211 315 3356 ῥαμα).
358 3199 478 3272 luania
491 3209 683 3284 argumenta
700 3209 795 3282 suut,
823 3201 943 3302 quibus
965 3201 1142 3291 explicatio
1163 3225 1181 3268 a
1202 3205 1303 3271 nobis

195 3375 336 3455 referri,
347 3393 416 3476 *qur
427 3369 528 3456 premi
539 3390 579 3435 ex
592 3368 615 3438 J
617 3367 732 3436 udaeis
748 3369 874 3437 Christi
890 3393 984 3436 sacra
1001 3375 1245 3460 suscepissent,
1265 3376 1302 3446 la.

129 3461 131 3471 ¹
161 3495 163 3504 v
197 3481 229 3531 e.
243 3457 377 3532 adaovc
392 3454 451 3542 τὴν
472 3451 626 3540 ἅπαρχρν
646 3455 707 3522 τοῦ
729 3451 916 3537 πνεύματος
934 3455 1067 3538 ἔχοντας
1085 3455 1199 3540 8,23.,
1227 3459 1302 3534 fru.
1422 3535 1423 3546 ,

196 3551 269 3612 stra
284 3541 438 3630 objicitur
452 3537 576 3623 (till).
621 3536 708 3606 Nam
727 3561 826 3626 quum
848 3541 909 3624 τῆς
931 3538 1092 3628 ἀπαρχαῖς
1104 3545 1302 3614 vocabulum

195 3630 360 3696 translate
373 3625 517 3715 positum
529 3645 597 3698 non
614 3623 897 3713 solum,quidqirid
913 3633 1061 3713 tempore
1078 3630 1221 3715 primum
1242 3631 1301 3712 sit,
1384 3664 1388 3674 =
1422 3687 1423 3692 ,

197 3714 256 3781 sed
270 3714 399 3798 diversa
414 3707 581 3793 significet
598 3707 665 3794 (ll,
674 3706 780 3794 173.)‚
809 3730 1005 3799 unoquoque
1027 3713 1099 3778 loeo
1122 3735 1299 3802 quamnam
1422 3741 1423 3760 r

132 3871 133 3874 ,
195 3800 287 3869 vocis
303 3802 499 3885 potestatem
522 3815 576 3858 ree
594 3805 628 3860 et
647 3803 800 3859 contexta
826 3797 933 3861 oratio
955 3798 1300 3896 poscarntexpenden-
1422 3873 1423 3882 ἵ

196 3883 273 3954 dum
298 3891 352 3964 est
379 3881 552 3979 minusque
572 3879 779 3945 considerate
799 3875 994 3979 τῇιαίπαρχῇ
1010 3885 1110 3966 prims
1130 3885 1299 3950 notionem

196 3965 583 4057 ubiquesinnplleissrme
606 3964 727 4056 subjici
745 3963 882 4040 dixeras.
916 3963 1082 4047 ⁴Ceterum
1104 3967 1198 4047 8‚23.
1219 3970 1298 4052 pri-
1329 4019 1333 4030 ,

196 4074 320 4122 morum
340 4049 603 4122 Christianorum
633 4049 790 4134 cogitatio
819 4049 950 4114 minime
972 4049 1033 4116 haio
1051 4051 1320 4156 circum’l‘oquus

195 4143 287 4206 tione
303 4137 469 4206 annuntiata
485 4143 553 4201 est:
576 4128 609 4210 oi
627 4133 685 4221 τὴν
705 4128 856 4220 ἀπαρχὴν
877 4137 938 4199 τοῦ
957 4132 1144 4216 πνεύματος
1166 4159 1298 4217 exorreo

196 4224 428 4309 (edibiam),
468 4217 543 4285 Non
559 4219 678 4284 melius
695 4220 954 4306 patriarcharum
975 4221 1238 4302 mentionemualr
1262 4223 1298 4290 lr.
1422 4249 1423 4308 4

194 4313 229 4404 l,
239 4307 435 4392 abhorrere,
463 4311 497 4373 et
519 4303 672 4396 quoniam
693 4303 791 4376 nulli
807 4301 847 4377 Ρ.
869 4324 945 4381 rore
966 4305 1009 4372 ad
1029 4306 1310 4396 patriarcharum
1422 4323 1423 4330 ¹

92 873 94 885 ,
208 817 283 906 jou.
298 819 522 900 condiderunt,
543 819 613 884 Deo
626 818 714 885 sarri
727 825 760 883 et
773 818 844 900 cari
857 827 950 900 aunt,
971 822 1071 887 etiam
1085 844 1163 909 peno
1184 823 1225 888 ab
1246 823 1317 890 illis
1422 889 1423 898 ,

212 905 341 972 condita
361 904 431 970 Deo
451 907 864 991 consecrassent).
913 903 987 971 Hoc
1006 907 1036 970 si
1056 903 1317 995 perpenderitis}
1422 901 1423 938 ³

210 1009 278 1056 non
291 987 579 1068 honorificentius,
608 1008 706 1075 quam
725 1006 787 1075 par
806 996 914 1071 esset,
945 1012 995 1056 me
1017 989 1058 1056 de
1080 991 1218 1060 ludaeis
1242 1001 1314 1058 sta·
1422 1049 1423 1064 ,

210 1075 319 1142 tuisse
332 1073 533 1158 fatebimini,
554 1092 654 1160 quum
669 1093 827 1138 summam
840 1075 979 1141 salutem
992 1075 1036 1140 ab
1051 1099 1163 1143 eorum
1177 1076 1243 1143 lide
1260 1099 1315 1142 re·
1422 1131 1423 1164 ,

110 1214 111 1228 ,
209 1171 357 1312 peterem
371 1180 402 1232 r.
418 1158 484 1226 15..
525 1154 638 1242 Hujus
651 1158 939 1245 interpretationis
953 1163 1077 1228 veritas
1093 1163 1142 1228 sic
1161 1161 1314 1233 docetur.
1422 1233 1423 1238 ,

14 3347 17 3356 ,
106 3341 113 3346 -
223 3291 335 3356 cleosa
349 3293 537 3388 oppugnata
560 3293 624 3355 est.
659 3283 909 3370 'simplicissime
930 3281 990 3370 τήν
1008 3283 1160 3374 ἀπαρχήν
1179 3287 1221 3352 ad
1242 3311 1303 3359 eos
1422 3345 1423 3348 ,
