2814 5056
18 2729 19 2736 ’
111 2726 163 2786 stu
186 2717 230 2786 ad
250 2721 380 2788 Christi
399 2743 436 2786 su

369 282 491 422 ene.
513 287 970 440 visuram-ac..
1155 347 1222 419 eea

24 495 25 502 ἵ
110 511 262 599 ὄφρα.1,ιιτ
281 507 357 595 βίος
376 505 446 600 ἔχῃ.
481 508 564 581 Ael.
585 507 634 579 V.
652 505 700 576 Η.
724 504 823 588 1‚2e.
846 507 904 572 καὶ
922 503 958 572 ἐν
976 507 1064 574 πᾶσι
1079 505 1222 588 ’τούτοις

110 594 251 683 ἡττᾶται
263 594 463 680 Λεπρέος).
505 594 752 746 dnapmac'iper]
763 591 840 676 plue
852 613 950 678 quem
962 591 1128 695 vincimus,
1150 593 1174 666 i.
1188 615 1222 665 e.

109 683 233 768 ταναοῖο
253 683 425 762 uincimus,
454 702 520 747 neu
536 702 573 746 sn
589 700 643 744 um
664 698 764 766 parea
779 698 895 742 sumus
911 679 1025 759 malus,
1047 677 1105 743 sad
1120 680 1221 746 etiam

110 769 153 832 iis
174 769 275 850 lunge
299 787 338 832 su
362 765 501 836 erieres.
549 764 683 852 Quippe
705 761 791 830 salvi
812 783 831 828 e
851 763 948 828 malis
961 764 1158 846 emergimus
1171 763 1221 850 (ν’.

109 852 164 922 28.
177 853 200 915 2
214 850 292 919 Gur.
304 788 378 934 mi.
393 853 464 938 aq.)
476 848 742 942 impavidumque
758 851 938 936 crepemus
955 849 1112 919 servatis.
1162 848 1222 918 lu·

66 949 68 963 '
110 937 220 1004 tandit
238 929 326 1020 rimie
344 937 439 1003 verbi
458 935 622 1025 simplicia
641 933 720 1001 vim.
763 931 817 1000 Gi.
835 926 972 1082 dmeppp
995 937 1112 1000 εἶσθαι
1130 933 1223 1006 Xan.

111 1024 193 1109 (lyr.
216 1026 246 1103 1,
259 1021 294 1103 l,
306 1021 341 1090 2.
365 1012 630 1110 dnepexdatpcm'
648 1018 753 1106 Snph.
768 1018 889 1102 Autig.
907 1020 926 1083 l
971 1065 981 1087 .
998 1025 1034 1085 et
1048 1016 1117 1088 nul.
1132 1019 1223 1105 aue,

109 1110 165 1178 20.
184 1106 303 1190 1‚3⁵1.
345 1107 451 1194 (Male
470 1104 580 1192 Kupp.
602 1100 668 1171 luic
682 1103 820 1170 rettulit
838 1096 1053 1186 ὑπτρισχύτιν
1066 1112 1100 1170 et
1112 1098 1223 1195 incp-

111 1196 242 1277 κρατοῖν
262 1191 402 1280 Ioseph.
422 1193 471 1260 A.
490 1190 524 1259 J.
555 1191 661 1272 11,3,
684 1189 719 1258 2.
739 1196 775 1256 et
791 1189 825 1257 3.
843 1190 1121 1273 praeponderare,
1147 1191 1223 1276 pene

109 1278 231 1364 pellere
245 1297 343 1365 quam
355 1279 424 1359 -).
463 1275 504 1342 ln
526 1274 647 1343 ceteris
667 1274 712 1356 l.,
742 1274 777 1340 in
794 1273 917 1362 quibus
933 1267 1116 1358 dnepmadc
1135 1275 1222 1378 lepi-

113 1371 189 1444 tur,
219 1362 387 1428 immodice
413 1361 557 1442 eiecere,
579 1359 674 1510 p'uctn
699 1358 809 1444 plum
829 1365 867 1446 ct
891 1345 1037 1444 majorca
1067 1360 1225 1430 uictumae

109 1454 279 1532 reportare
291 1445 446 1530 designat
461 1453 495 1511 et
510 1446 545 1510 in
559 1467 579 1511 v
593 1445 641 1512 tie
659 1445 806 1530 panitur.
849 1441 1007 1508 Socratas
1020 1439 1066 1514 H.
1076 1444 1115 1513 E.
1128 1445 1223 1526 3,21.
1263 1491 1265 1504 «
1313 1481 1316 1494 =

110 1529 184 1598 dds*
202 1531 392 1618 (Julianus)
410 1527 471 1596 ode
489 1527 600 1596 incude
612 1529 673 1616 τὴν
693 1528 804 1615 ψυχὴν
813 1525 905 1634 κούδὲ
924 1525 1004 1605 τούς
1016 1524 1224 1631 ineradoepuc

111 1613 262 1702 ἠλέησεν·
285 1613 356 1682 ἀλλ’
381 1610 516 1682 οὐδὲτὸ
538 1615 600 1680 τοῦ
619 1608 721 1697 λόγοὺ
743 1636 828 1678 κατα
840 1613 919 1679 τοῦν
933 1605 1068 1695 ἔλαβεν,
1096 1609 1142 1690 ὡς
1156 1637 1225 1702 cpe
1365 1629 1370 1634 '

111 1701 279 1782 vendende
298 1699 416 1804 apide,
443 1689 624 1785 cincpvemie
642 1698 681 1764 δὲ
694 1695 920 1848 ἓπίῖθονοτ..
939 1696 1018 1764 Neu
1036 1720 1132 1765 secus
1147 1700 1182 1766 iu
1196 1702 1224 1803 Ι.ε

111 1781 650 2020 mittit-tiit·litlpii:
667 1782 1036 1954 dsi'riffiifliii‘m
1064 1785 1246 1942 iiiiii.
1327 1843 1330 1852 ’

112 1963 165 2042 gr.
192 1966 375 2046 praeeunte
398 1955 546 2040 Origene
588 1955 690 2036 ,317.
711 1949 895 2057 ὖττερνικᾶν
913 1953 993 2058 plup
1020 1977 1096 2023 esse
1117 1977 1225 2058 fluam

111 2042 204 2108 νικᾶν
224 2049 436 2111 monuerunt.
477 2038 549 2105 Sed·
564 2060 670 2127 neque
692 2044 778 2105 actm
797 2047 951 2104 accurate
969 2059 1152 2125 vncpmnuc
1166 2063 1225 2108 ex-

19 2151 20 2176 ι
112 2136 298 2214 pesuerunt
309 2127 438 2229 facile,
467 2125 536 2191 sine
553 2125 663 2191 labere
682 2145 728 2191 ac.
747 2121 872 2208 nepotie
889 2123 1015 2190 uincere
1033 2135 1069 2191 et
1087 2127 1122 2192 in
1145 2147 1177 2196 v.
1190 2123 1226 2194 e
1277 2171 1280 2189 .

110 2207 248 2289 τούτοις
274 2233 397 2291 mente,
433 2231 519 2297 quae
546 2210 754 2312 explicarent
775 2228 837 2292 per
855 2207 935 2275 daec
951 2212 1061 2278 omniu
1078 2211 1228 2295 argutati
1354 2227 1359 2246 ¹

110 2303 209 2378 aunt,
261 2318 336 2367 uum
359 2298 439 2362 haec
456 2294 524 2362 dici
543 2305 778 2383 opinarenturc
806 2312 845 2359 ea
867 2293 942 2382 ipsa
964 2295 1238 2380 quaereretur

110 2389 198 2464 gunt
222 2403 241 2446 a
268 2390 367 2447 erunt
395 2380 491 2446 nubis
517 2379 690 2446 victoriam
715 2378 808 2444 nulle
834 2378 968 2485 nepulit
990 2381 1227 2470 reportandam

111 2465 263 2551 (dhrym,
294 2466 449 2551 dirrupit„
479 2464 583 2547 Oce).
635 2461 693 2530 διὰ
714 2465 776 2530 τοῦ
796 2458 848 2547 dp.
869 2465 967 2548 ημᾶς]
985 2486 1046 2552 per
1059 2489 1150 2549 eum,
1171 2468 1228 2557 qui

111 2571 169 2616 nee
193 2551 318 2617 anmuit
336 2552 371 2619 h.
389 2573 420 2618 e.
440 2550 568 2617 viribus
588 2548 631 2613 ab
654 2571 693 2614 eu
714 2547 822 2628 datis,
850 2547 976 2631 auxilie
1002 2552 1100 2617 uehis
1121 2554 1164 2617 ab
1184 2574 1226 2620 ee

20 2648 23 2657 '
113 2637 197 2704 latu.
238 2635 374 2701 Dicitur
388 2637 478 2702 Deam
488 2639 570 2720 (nou
587 2633 790 2703 christeae.
804 2633 928 2699 netad
943 2656 973 2701 v.
988 2636 1060 2722 25.)
1074 2645 1109 2702 et
1120 2638 1228 2708 Auri-

464 2719 598 2809 plicium
619 2718 803 2799 alluditur,
830 2739 897 2804 que
918 2719 1012 2786 Deus
1033 2744 1131 2789 suum
1144 2743 1227 2830 erga

111 2827 172 2871 uus
188 2826 333 2872 amorem
349 2743 572 2872 maniiiastavit
584 2805 633 2891 (v.
647 2825 679 2872 v.
693 2803 749 2872 32.
764 2802 842 2871 Juh.
857 2802 978 2892 3,16.).
1029 2807 1150 2875 lieecle.
1167 2831 1228 2876 ene

111 2883 333 2977 dyudriueeec
356 2891 518 2957 Christum
537 2888 649 2955 vecari
671 2887 820 3040 putarit,
852 2895 923 2953 tum
947 2889 1036 2976 quud
1069 2890 1228 2960 Christus

112 2975 267 3042 Pauluia
288 2977 351 3057 sit,
377 2996 546 3061 perquem
563 2973 658 3040 Deus
698 2974 820 3038 alutem
840 2972 937 3039 uubis
972 2978 1136 3060 araverit,
1154 2987 1227 3046 tum

109 3068 252 3150 p‘rupter
264 3059 354 3128 Phil.
374 3059 492 3142 4213..
534 3061 586 3126 At
600 3059 635 3128 lu.
646 3059 670 3125 l.
686 3057 728 3122 de
743 3059 852 3124 salute
870 3078 931 3146 per
945 2996 1228 3132 deciscunnohis

111 3147 209 3235 partd
233 3167 299 3214 nen
312 3145 484 3233 agitur·(v.
499 3147 629 3232 supra).
672 3141 758 3208 Item
779 3142 922 3208 alterum
938 3143 1111 3234 liuecltemi
1126 3169 1227 3233 argu.

111 3239 257 3298 mentum
270 3239 423 3298 contexta
438 3230 545 3295 oratic
559 3228 743 3308 redarguit.
779 3224 897 3293 Potest
909 3249 990 3294 sane
1002 3233 1110 3296 altera
1124 3235 1227 3302 leetie

111 3317 169 3381 ece
196 3309 255 3382 τότ
283 3310 501 3402 ἀγαπήσαντα
523 3308 609 3402 ἡμᾶς
633 3312 697 3403 (D.
718 3313 759 3380 Ε.
781 3310 822 3380 F.
841 3313 885 3381 G.
907 3313 1012 3400 Vulg.
1034 3318 1115 3404 al),
1141 3341 1227 3408 quae

111 3402 221 3468 Milite
238 3399 332 3469 Prel.
348 3404 381 3484 §.
396 3401 474 3467 452.
489 3400 632 3503 placuit,
654 3400 702 3464 sic
717 3399 896 3485 explicari:
921 3407 1055 3487 propter
1066 3424 1149 3486 crem,
1171 3407 1227 3494 pei

110 3500 170 3552 nna'
188 3488 315 3552 amauit
336 3487 371 3552 h.
391 3507 421 3552 e.
444 3507 519 3571 qum
539 3505 634 3571 opem
656 3481 760 3570 uubis
774 3485 843 3549 iert
865 3484 921 3571 qui
942 3506 1003 3551 nus
1025 3491 1166 3572 amavit,
1186 3499 1225 3557 ut
1274 3530 1276 3542 ν

110 3571 174 3636 lieu
188 3593 255 3636 unu
271 3592 289 3634 a
303 3569 437 3656 vulgata
449 3569 620 3656 ,scripturi
635 3567 820 3658 discrepet,
842 3569 930 3655 qued
953 3571 1061 3637 minus
1075 3575 1226 3642 distincte

110 3677 183 3722 rem
214 3655 377 3722 enuntiet.
430 3656 485 3720 At
508 3656 616 3744 primu
637 3674 732 3720 neme
761 3655 935 3719 lectionem
959 3677 1043 3743 quae
1069 3661 1226 3744 vulgatur

110 3739 314 3829 Clementis,
342 3739 521 3824 Origenis,
559 3739 640 3825 Syri
658 3747 693 3803 et
712 3747 763 3805 tut
783 3738 869 3808 Gdd.
888 3731 1078 3808 teitimenis
1106 3746 1224 3814 tultam
1320 3778 1323 3788 ·

107 3833 322 3914 aspernetur.
365 3823 496 3890 Deinde
513 3825 547 3889 iu
563 3835 695 3912 promtu
714 3831 784 3903 est,
812 3826 1032 3891 accusativum
1054 3838 1113 3893 aut
1135 3831 1226 3900 inve-

108 3920 198 3976 ctum
218 3932 294 3976 csse
316 3909 359 3974 ab
380 3909 442 3990 iis,
472 3911 530 3996 qui
547 3931 578 3977 v.
598 3909 654 3978 35.
671 3929 747 3996 sqq.
769 3908 809 3974 de
829 3918 944 3976 nostru
959 3921 1037 3994 erga
1054 3913 1225 3982 Christum

110 4017 225 4062 amere
244 3994 369 4061 disseri
390 3994 629 4075 credidissent,
662 4005 722 4068 aut
746 3994 863 4059 saltem
890 3995 941 4081 (id
968 3999 1054 4062 enim
1082 3999 1224 4066 historia

109 4082 292 4163 testatur),
315 4102 414 4167 quum
430 4102 503 4146 cum
517 4081 636 4144 calami
649 4101 746 4144 error
760 4083 958 4170 peperisset,
979 4083 1081 4146 lutum
1098 4093 1131 4150 et
1169 4107 1224 4151 re·

109 4177 267 4254 pagatum
281 4171 437 4254 (prepter
492 4188 522 4230 m
537 4165 595 4252 qui
607 4186 668 4242 nes
683 4167 805 4230 amavit
829 4167 853 4233 i.
865 4188 901 4252 q.
915 4171 1025 4233 emure
1039 4191 1116 4253 erpa
1132 4107 1224 4238 leidri-

107 4261 196 4318 stam
217 4250 455 4318 mutiiecile‘h
498 4252 645 4316 comnia
665 4252 751 4316 mala
771 4257 994 4338 superamus).
1037 4254 1225 4342 ltaquear-
1309 4271 1312 4278 '

110 4347 323 4423 gementum,
345 4357 409 4425 que
422 4334 514 4408 Mill.
529 4337 767 4406 Accusatirum
784 4335 962 4406 defendere
977 4336 1124 4428 studuit,
1144 4362 1224 4410 euu-
1258 4389 1263 4399 1

477 4652 487 4696 l
