2806 5054
26 29 28 114 ι

26 119 29 248 l

26 443 28 524 ι

416 333 555 450 σιν.
579 381 706 453 vlu.
731 381 802 453 rs.
826 387 857 456 1.
1155 393 1199 460 aa

26 599 27 618 ι
94 559 142 609 tur
158 543 312 611 Christus
329 541 423 608 vobis
441 541 586 616 traditus
602 552 672 625 eet,
695 544 741 609 ita
759 545 791 610 in
807 555 848 610 eo
866 541 1032 630 (domino,
1061 550 1118 636 qui
1139 571 1194 618 vo-
1220 601 1222 610 a

94 634 137 696 bie
151 632 361 718 praepositus
378 636 449 710 est,
472 650 536 694 non
558 637 681 696 temere
701 633 844 718 mutato)
867 631 984 714 vivite,
1013 635 1062 699 lto
1081 637 1191 704 atra-

94 721 167 782 dicea
180 715 310 800 operitis
321 723 353 780 et
377 737 429 780 ooo
449 716 661 796 inaedificatae
683 717 718 780 in
737 737 773 781 eo
796 718 844 801 (in
871 738 936 803 quo
957 719 1061 808 positi
1084 719 1141 784 siti

26 807 27 864 l
93 803 169 867 llale
183 800 240 886 qui
253 802 307 866 vel
320 801 424 865 latino
438 799 491 876 rel
507 803 679 868 vernacule
690 783 800 866 libros
823 821 870 868 as.
893 723 1188 892 interpretetursdi

26 889 27 924 ³
94 883 183 972 κυρίῳ
196 886 394 950 verbotenus
408 893 516 951 uertat
530 887 565 950 iu
585 887 729 966 domino,
761 892 797 959 tn
818 891 1054 975 canopaea.
1098 889 1185 956 Nam

26 2491 28 2534 l

26 2859 30 2870 Δ

26 3971 28 4074 l

93 994 178 1059 ριιιιιιι
199 971 420 1036 arctissimam
444 969 681 1058 discipulorum
702 993 776 1038 oum
797 974 958 1057 magistro
980 973 1185 1064 conjunctio-

92 1081 154 1122 nem
168 1077 271 1142 neque
284 1055 426 1121 Romani
444 1079 551 1144 neque
568 1057 727 1122 Germani
751 1058 797 1123 ita
819 1058 1024 1146 exprimant,
1056 1069 1093 1125 ιιι
1112 1061 1186 1127 illoc

92 1144 264 1207 iuteresse
282 1141 412 1220 dicant,
442 1143 603 1230 ejusmodi
625 1145 802 1208 translatio
826 1165 888 1209 uon
913 1147 1021 1211 minus
1042 1145 1182 1212 obseura

91 1234 151 1306 est,
171 1248 266 1313 quarn
282 1249 314 1294 r.
334 1249 471 1308 graeca,
501 1249 585 1315 quaa
608 1229 674 1292 nisi
696 1229 915 1310 cogitatione,
943 1251 960 1294 e
983 1232 1047 1318 quai
1069 1251 1181 1295 anana·

91 1314 164 1389 rint,
187 1313 344 1400 pereeptrl
366 1335 428 1376 non
449 1314 632 1396 intelligas.
678 1313 766 1378 Sane
786 1314 958 1382 eLullaeri
979 1317 1130 1382 versione
1150 1319 1181 1386 ta

90 1405 143 1468 tau
157 1400 255 1484 beton
270 1403 378 1481 uerba
396 1406 429 1463 et
443 1399 564 1462 similia
582 1407 713 1486 recepta
729 1407 825 1478 srrnt,
848 1397 907 1465 sed
922 1423 1020 1486 qaurm
1038 1401 1183 1466 barbare

90 1484 214 1548 erleri
225 1485 405 1548 translatio
422 1506 485 1548 non
503 1505 540 1548 eo
556 1485 715 1562 valuerit,
737 1495 774 1550 ιιι
790 1486 948 1552 Germani
961 1487 1132 1571 discipulos
1146 1487 1180 1564 gin

89 1569 227 1652 mapirtro
242 1590 313 1634 erse
328 1569 449 1633 animis
464 1570 535 1635 auis
553 1569 763 1634 informarint
786 1592 924 1656 eamque
944 1572 1181 1653 cogitationem

89 1655 215 1717 ulterius
243 1655 443 1742 persequuti
471 1656 554 1732 sint,
587 1654 749 1742 ejusmodi
779 1658 941 1721 formulae
970 1659 1048 1721 lieet
1078 1674 1178 1744 saepe

90 1745 257 1825 usurpatae
272 1741 370 1821 vulgo
384 1761 487 1826 aeque
504 1741 679 1827 perplexae
693 1749 787 1820 sunt,
811 1763 849 1807 ac
862 1741 960 1807 verba
981 1761 1098 1826 graeca
1119 1743 1178 1824 iis,

89 1826 136 1910 qui
158 1847 239 1910 quae
266 1847 303 1889 ea
327 1826 485 1908 cogitatio
508 1827 673 1913 pepererit
693 1827 853 1894 nesciant.
908 1825 981 1891 lmo
1004 1827 1177 1900 verborum

88 1931 266 1993 graecorum
281 1931 398 1975 seusus
414 1933 545 1997 quoque
560 1912 584 1980 l.
600 1934 618 1976 e
633 1912 756 1976 latinae
773 1919 805 1977 et
821 1913 1027 1996 germanicae
1043 1913 1178 1994 linguae

88 1997 204 2080 ingenio
223 1997 404 2084 perspicuo
424 2002 523 2098 atque
545 1996 830 2062 ita'deelarandus
851 2003 920 2077 est,
955 2007 992 2062 ιιι
1022 1998 1177 2064 formulis

87 2083 194 2162 utaris,
216 2104 336 2168 urraca
353 2101 399 2148 ss.
414 2090 613 2168 scriptorum
627 2083 830 2164 cogitatione
850 2085 1097 2169 qrrnmproxime
1117 2081 1176 2146 ab·
1251 2085 1253 2094 ’

87 2167 151 2233 sint.
195 2170 442 2248 Nonnunquam
461 2165 495 2232 ἓν
507 2175 584 2255 apte
597 2173 717 2246 vertas,
740 2171 795 2247 bel,
816 2169 904 2250 utin
922 2161 1176 2253 lormulisoari-
1258 2241 1261 2248 ¹

88 2275 156 2329 acra,
183 2251 298 2333 μένειν
321 2251 354 2318 ἐν
375 2253 524 2338 Χριστῷ.
572 2250 732 2318 Permulti
755 2275 859 2340 rrrrper
877 2254 957 2329 τοὺς
979 2251 1013 2318 e‘r
1033 2251 1173 2338 Χριστῷ

87 2326 167 2414 laag
180 2359 273 2403 cleros
288 2338 414 2404 Christi
431 2339 577 2402 cultores
592 2339 701 2403 valere
720 2345 881 2422 putarunt
896 2339 1049 2421 (lirum,
1072 2335 1177 2417 Mem,

26 2439 27 2452 ¹
86 2423 196 2507 liopp„
218 2425 433 2508 detumeat).
472 2423 661 2506 Falluntur.
700 2421 1085 2509 Quemadmodumouim
1099 2419 1175 2510 plri-

85 2508 225 2594 losophos
244 2510 371 2586 sectari
386 2508 540 2572 dicuntur
562 2529 625 2572 non
648 2509 753 2574 solum
777 2510 834 2595 qui
858 2531 895 2573 re
917 2530 975 2573 eos
996 2508 1102 2606 dulces!
1119 2527 1172 2570 se-

87 2603 234 2678 quuntur,
261 2595 484 2659 verumetiam
500 2595 557 2680 qui
578 2596 727 2674 nomine,
750 2597 798 2664 sie
819 2589 850 2658 oi
874 2592 908 2657 ἐν
922 2597 1062 2679 Χριστῷ
1084 2584 1176 2666 ὄντες

88 2680 220 2744 ennesii
236 2691 415 2758 rorantur,
432 2681 489 2765 qui
504 2701 540 2743 sc
551 2678 773 2745 adChristum
789 2679 1032 2766 applicueruut.
1077 2675 1174 2744 Chri·

87 2764 254 2847 alianorum
271 2767 477 2830 eccardtdorum
490 2772 547 2827 aut
558 2762 708 2846 lictorum
724 2766 813 2828 notio
835 2785 898 2826 non
920 2763 953 2827 in
979 2762 1092 2826 verbis
1109 2765 1174 2842 est,

88 2847 134 2912 aed
153 2851 184 2913 in
206 2850 372 2915 orationis
394 2857 559 2915 courtextu.
604 2847 649 2917 H.
672 2850 696 2914 l.
719 2850 748 2912 si
771 2849 901 2930 vulgata
924 2848 1022 2912 lectio
1044 2847 1175 2910 sineere

85 2943 158 3000 esset
179 2931 211 3002 οἱ
232 2935 267 3002 ἐν
291 2938 356 3018 Χρ.
371 2933 405 3001 Ἰ.
428 2934 619 2999 dicerentur
646 2937 821 3020 patiaturque
839 2931 959 2998 Christi
986 2951 1173 3006 corrosum-

85 3021 240 3102 pleurisim
264 3024 283 3085 1
298 3021 376 3088 Gor.
393 3021 509 3102 15‚18.·
531 3019 630 3085 l'lh.
648 3023 681 3098 4,
695 3015 756 3084 16'..
797 3009 897 3082 Nunc
918 3035 999 3080 saue
1019 3015 1059 3079 de
1074 3011 1173 3082 Chri-

87 3103 209 3188 atianis,
245 3107 304 3193 qui
325 3105 467 3172 ollrcium
489 3127 583 3169 suram
605 3107 778 3192 expleant,
809 3099 1174 3186 agitur2Gor.d,17.

88 3187 151 3258 Gal.
172 3191 283 3273 224„
304 3229 346 3241 -
389 3189 428 3256 Si
452 3191 537 3277 quae
558 3191 714 3273 vulgatur
734 3187 899 3275 scripture
922 3207 939 3250 a
960 3182 1002 3252 P.
1026 3187 1174 3288 prolecta

86 3283 177 3360 esset,
197 3301 272 3343 curn
288 3275 716 3364 plerisqueinterpretibus
732 3273 812 3338 haec
832 3272 1010 3358 explicatio
1032 3269 1175 3340 ineunda

87 3373 178 3429 esset:
200 3365 295 3427 nullo
311 3363 413 3445 igitur
429 3383 514 3426 nune
535 3369 632 3452 paeto
653 3359 801 3424 homines
820 3359 937 3425 christ.
956 3356 1175 3423 condemnan-

87 3452 145 3527 tur,
171 3451 200 3514 si
222 3469 288 3512 non
314 3447 356 3511 ad
378 3448 528 3536 eorporis
547 3447 774 3521 irrita'menta,
804 3443 863 3508 sed
885 3442 927 3507 ad
946 3442 1013 3508 div.
1033 3441 1174 3529 spiritus

86 3552 187 3617 praece
212 3541 248 3598 ta
268 3535 368 3601 vitam
392 3533 581 3598 instituant.
634 3533 670 3597 A
698 3531 820 3616 quibus
840 3530 960 3611 Spreta,
990 3527 1106 3608 Grac„
1129 3524 1173 3602 L,

88 3615 159 3690 Boo,
221 3625 317 3700 alst,
339 3617 546 3685 Matthaeiur
559 3615 613 3686 ed.
634 3617 714 3682 min.
730 3623 763 3680 et
783 3613 887 3682 Winz.
903 3635 938 3701 p.
955 3614 988 3679 7.
1003 3613 1048 3675 ita
1066 3611 1176 3710 disce-

89 3701 174 3784 dunt,
201 3713 261 3780 ut,
277 3711 278 3718 ’
297 3697 443 3790 quia-pri
465 3711 529 3770 eto.
552 3723 618 3768 non
639 3703 730 3782 reip
750 3698 796 3785 μὴ
818 3705 882 3764 etc.
908 3699 979 3786 Ap.
1000 3697 1177 3783 scripserit

88 3785 211 3870 illios„
240 3789 363 3876 Wraz.)
378 3791 566 3872 roomaoig
582 3785 617 3852 ἐν
632 3789 697 3870 Χρ.
710 3783 741 3848 Ἰ.
756 3784 802 3868 μὴ
816 3807 845 3848 κ.
862 3805 892 3848 σ.
909 3780 1176 3863 περιπατοῦ-
1238 3859 1241 3876 Ι

88 3892 141 3935 σιν
155 3883 245 3940 arcte
256 3873 423 3964 jungenda
438 3895 513 3939 esse
527 3874 733 3937 arbitrentur
746 3880 804 3933 aut
817 3870 882 3932 sie:
897 3889 958 3931 non
975 3867 1079 3950 igitur
1093 3869 1178 3930 nunc

89 3956 273 4026 damnantur
288 3963 341 4048 pai
358 3960 480 4026 Christo
494 3959 615 4024 addicti
636 3976 697 4020 oon
718 3955 889 4020 serrandum
908 3973 1037 4018 curnem
1058 3951 1177 4029 elocant,
1276 3991 1282 3998 -

26 4075 27 4128 p
88 4044 316 4111 redamandum
330 4067 379 4130 sp.
395 4045 504 4126 (Sym,
531 4043 636 4108 ll'iuz.
651 4061 681 4107 v.
700 4040 777 4106 Gal.
790 4040 821 4118 3,
828 4039 884 4105 26.
905 4037 960 4104 28.¹
980 4036 1063 4124 Epir.
1078 4033 1176 4116 5‚8.),

91 4137 138 4192 aut
150 4131 183 4197 ln.
198 4152 261 4198 nn:
283 4151 345 4193 non
364 4132 466 4212 igitur
481 4151 564 4194 ιιιιιισ
579 4127 786 4204 damnantur,
808 4123 862 4210 peti
875 4123 1046 4196 serrandum
1060 4117 1193 4184 caroli.

90 4224 252 4298 praecepto
277 4214 365 4298 (Col.
380 4218 487 4299 2,6.),
522 4235 585 4280 non
604 4211 776 4277 secuudum
796 4213 944 4287 carmem,
970 4207 1097 4284 cierent,
1124 4201 1181 4266 aed
1267 4223 1273 4246 ι

90 4303 251 4366 sacrandum
275 4301 424 4385 spiritum
447 4301 510 4366 dic.
532 4299 645 4383 (Boe,
663 4295 801 4376 Wetetl
843 4289 903 4383 Illi
924 4290 1045 4356 rationi
1067 4288 1182 4354 nerbo-

91 4401 151 4452 rum
181 4386 267 4452 ordo
296 4386 418 4471 oliirit3
449 4384 534 4472 qrrod
558 4403 658 4471 quum
681 4379 789 4468 Syrus
810 4379 991 4460 sensisset,
1025 4372 1183 4453 voeabula
