2806 5054
306 323 323 356 N

415 335 889 444 commorare}
984 385 991 432 a
1140 375 1204 443 ros

103 535 154 605 24.
170 529 259 617 Phil.
273 532 306 615 3,
313 531 368 600 20.
382 531 404 595 2
417 529 485 616 Tb,
501 531 597 613 l,»10.
610 528 669 596 καὶ
685 519 931 620 θαομὰσθῆιαι
949 525 985 596 ἒν
1005 531 1110 598 πᾶσι
1132 537 1204 614 σοῖς

105 613 319 688 πιστεύσασιν
334 617 455 704 [Hebr.
472 615 523 698 12,
531 616 586 684 22.
601 619 669 704 οφ]
685 618 892 705 aliorumque
905 618 930 684 l.
952 620 1115 684 sententia
1137 641 1202 685 uon

28 751 29 768 .
106 706 255 796 perplexa
271 703 348 772 erit.
392 700 459 770 Sed
475 699 573 768 Parrli
590 699 745 768 derebus
769 703 896 768 ultimis
916 700 1097 767 doctrinam
1122 725 1203 770 sarie

105 792 271 856 obscurem
286 785 422 875 eamque
436 809 552 875 parum
567 787 738 853 subtiliter
753 789 795 852 ab
813 789 938 855 Ueterio
953 789 978 856 l.
992 809 1020 856 ο.
1037 809 1070 875 p.
1084 789 1151 854 354
1161 826 1203 842 -

104 875 182 944 374.
196 874 383 964 expositam
409 880 560 962 accurate
583 871 750 962 explicaro
772 874 805 942 b.
828 875 854 945 l.
878 895 942 940 non
965 873 1055 939 licet.
1110 873 1203 941 lllod

103 981 228 1042 moneo,
251 959 383 1026 minime
396 954 536 1026 Panlnm
553 959 653 1026 verbo
668 950 874 1046 ζωοποιήσει
886 959 998 1047 impiis
1013 960 1206 1026 hominihus

103 1045 239 1114 reditum
260 1047 295 1111 in
320 1045 420 1112 vitam
443 1039 619 1113 ademisse.
669 1043 743 1110 lmo
765 1045 825 1110 bric
846 1045 1011 1112 sententid
1033 1043 1129 1112 Pauli
1151 1050 1202 1112 lo·

28 1133 29 1204 ζ
104 1131 212 1222 qrrutio
227 1131 366 1212 nititur,
387 1130 535 1197 homines
548 1130 684 1220 impios,
706 1132 860 1218 quoniam
877 1132 1028 1197 inritam
1052 1129 1202 1199 restituti
1242 1141 1245 1154 '

28 1257 29 1306 }
103 1216 261 1286 ablessia
291 1216 447 1283 continuo
475 1215 734 1281 condemnentur
755 1217 1036 1306 sempiternisque
1056 1225 1203 1283 tartaro-

102 1325 167 1372 rum
180 1303 383 1368 cruciatibus
399 1302 648 1368 committantur
660 1302 695 1370 b.
707 1323 737 1370 e.
754 1302 802 1388 τῷ
816 1299 955 1389 θανάτῳ
976 1303 1025 1389 τῷ
1042 1303 1200 1389 δευτέρῳ,

101 1389 299 1456 utseclusia
314 1389 422 1455 beatis
436 1407 513 1454 vere
539 1387 778 1454 neviveutibus
799 1387 987 1453 bominibus
1011 1387 1131 1453 misere
1153 1391 1202 1455 ri·
1329 1387 1353 1468 ',

102 1481 172 1542 rant
194 1473 325 1561 (Leno.
347 1476 434 1561 etp),
462 1409 655 1555 tradantur,
688 1474 813 1539 rectius
834 1474 869 1538 in
890 1494 1005 1539 nonam
1024 1480 1157 1538 neodem
1180 1497 1201 1542 a

100 1559 216 1628 disesia
232 1553 383 1642 detrudi,
406 1581 503 1646 quam
516 1557 550 1624 in
562 1559 663 1636 ritem
679 1559 827 1626 revocari
840 1566 873 1624 te
887 1559 1032 1642 lingere3
1054 1579 1117 1622 uon
1134 1559 1202 1630 nisi

101 1645 159 1733 piis
172 1645 362 1712 bominibus
375 1645 475 1710 vitam
490 1665 509 1708 a
526 1643 649 1710 Moesia
664 1641 759 1710 reddi
773 1665 850 1711 vere
864 1652 897 1709 te
911 1653 945 1708 et
956 1643 1147 1709 existimare
1165 1653 1202 1714 ot

28 1781 30 1800 .
102 1731 215 1800 dicere.
262 1729 540 1814 DoctMeycrns
560 1729 744 1796 inerudito
765 1729 1019 1811 commentario,
1048 1731 1142 1795 cuius
1163 1732 1200 1802 h.

101 1818 235 1906 primum
249 1816 276 1886 l.
287 1815 449 1892 rationem
462 1813 581 1881 ducere
596 1815 677 1881 mibi
689 1815 830 1898 licebat,
851 1813 958 1882 Paulo
973 1815 1096 1880 idcirco
1111 1815 1201 1895 Ιζωο,

101 1896 251 1986 ποιήσει,
273 1899 475 1988 recipendi,
497 1899 669 1966 locandum
685 1901 790 1968 luisse
803 1886 926 1974 credit,
953 1908 990 1965 ut
1007 1903 1200 1984 generalius

102 2007 129 2056 ι.
148 1985 356 2076 ζωοποιήσει
377 1988 412 2052 in
432 2007 540 2052 omnes
587 1987 637 2050 ios
659 1988 803 2052 lectores
825 1985 1021 2074 quadraret,
1056 2007 1198 2071 quorum

102 2072 264 2146 nonnullis
291 2095 357 2160 quo
385 2081 534 2159 tempore
558 2007 716 2162 dhristus
738 2070 780 2137 ds
801 2073 896 2137 coelo
916 2069 1085 2136 redituros
1106 2079 1200 2138 esset

103 2157 236 2224 nondum
251 2155 393 2224 mortuis
408 2158 607 2223 immortalia
622 2177 761 2245 corpora
784 2157 981 2222 mortalibus
1002 2159 1200 2263 corporibus

104 2241 364 2334 superinduendo
392 2263 466 2308 esse
487 2251 640 2332 putasset
661 2246 680 2308 l
702 2243 781 2312 Cor.
804 2243 998 2330 ld,51.sq..
1047 2239 1198 2311 hannem
1256 2309 1257 2319 ,

28 2353 29 2412 p
103 2327 138 2394 ob
150 2351 281 2398 oausam
296 2329 488 2396 vocabulum
503 2323 628 2416 deponi,
659 2330 916 2416 quononnnllos
937 2328 1055 2394 mortis
1080 2350 1199 2416 expor-

28 2439 30 2482 ι
104 2421 148 2480 tes
162 2415 294 2482 laturos
309 2413 574 2496 esseiodicaret,
606 2436 671 2480 non
688 2410 805 2500 νεκρά,
835 2415 902 2502 qud
923 2435 1001 2480 voce
1024 2410 1135 2478 nullos
1154 2415 1196 2481 de

28 2501 29 2504 ’
103 2499 276 2566 lectoribus
307 2522 372 2587 quo
395 2509 542 2588 tempore
565 2499 721 2566 Christus
739 2499 781 2564 ad
801 2500 951 2565 homines
971 2507 1197 2566 reverteretur

103 2587 328 2675 superfuturos
349 2607 424 2651 esso
444 2587 530 2652 male
549 2585 739 2650 declararet
755 2583 863 2650 Paulo
884 2584 1069 2674 ponendum
1091 2586 1197 2652 luisse

103 2668 143 2740 V.
155 2671 201 2740 D.
220 2671 404 2739 existimat.
444 2669 521 2736 Non
544 2671 723 2738 assentior.
766 2669 903 2736 Scilicet
924 2671 965 2735 de
986 2670 1028 2734 iis
1051 2679 1200 2736 tantum·

29 2759 30 2768 ’
102 2757 188 2822 modo
204 2754 247 2825 P.
263 2777 295 2824 v.
312 2758 364 2824 lo.
377 2763 410 2822 et
423 2758 477 2824 11.
491 2755 686 2844 disputavit,
703 2756 761 2857 qui
777 2768 912 2821 mortem
929 2755 1055 2821 obituri
1070 2765 1196 2840 essent,

103 2843 183 2944 nulli
196 2863 339 2945 prorsus
353 2863 498 2943 corum,
514 2864 597 2929 quos
618 2841 711 2944 vivos
731 2840 975 2944 rmmortalibus
999 2843 1196 2928 corporibus

102 2935 207 2994 vestrm
221 2934 412 3017 oporteret,
431 2939 560 2992 rotrone
575 2927 702 2997 babrtei..
743 2927 796 2992 Ac
814 2929 951 2993 lrcutsse
966 2923 1073 2992 Panlo
1095 2923 1196 3012 νεκρά

103 3033 154 3100 pro
167 3009 278 3101 θνητά
292 3012 440 3078 scribere
454 3023 579 3078 certum
599 3018 664 3078 est.
707 3009 793 3077 Nam
813 3033 891 3079 voce
913 3006 1012 3098 νεκρά
1031 3013 1197 3078 conditio-

102 3118 165 3163 nem
184 3106 372 3186 spectaret,
405 3098 439 3164 in
462 3098 532 3186 quei,
547 3107 685 3187 corpora
706 3098 741 3168 in
759 3100 860 3163 'vitam
883 3095 1089 3163 restituenda
1112 3106 1195 3182 tum,
1327 3161 1330 3164 .
1372 3125 1374 3132 ⁴

103 3202 191 3268 quam
219 3184 256 3249 in
284 3185 384 3250 vitam
414 3192 666 3265 revocarentur,
694 3183 804 3248 lutura
832 3191 958 3272 essent.
1011 3181 1078 3248 Sed
1105 3178 1195 3252 haud

101 3269 203 3354 paullo
226 3269 347 3336 melius
366 3269 399 3334 in
419 3276 627 3358 praesentem
648 3291 704 3333 cor
729 3290 841 3350 orum,
877 3269 999 3355 quibus
1020 3264 1105 3333 nrrrrc
1123 3271 1195 3340 vitri

102 3354 255 3440 praeditis
275 3375 366 3420 mors
387 3356 431 3422 im
457 3356 610 3437 coderet,
637 3291 856 3420 conditionem
877 3355 1020 3419 intuitus
1041 3357 1196 3424 mortalia

103 3457 232 3525 corpora
246 3439 386 3508 vocavit.
430 3379 560 3506 Etenim
577 3439 731 3528 quidnam
746 3441 813 3528 piis
826 3440 1007 3505 lectoribus
1022 3439 1126 3506 addico
1145 3443 1202 3513 ni-¹

102 3524 234 3590 centibus
246 3531 320 3610 pest
335 3531 473 3591 'mortem
494 3524 693 3614 sperandum
714 3532 805 3591 esset
824 3527 968 3592 oratione
988 3526 1031 3590 od
1047 3545 1098 3589 eos
1118 3546 1193 3592 con-

28 3647 30 3704 p
103 3614 185 3674 oersd
201 3631 233 3676 v.
250 3611 303 3678 lt).
323 3617 358 3675 ot
379 3611 431 3678 ll.
453 3611 647 3699 expromsit.
695 3609 778 3680 Eur.
799 3609 936 3678 Heraol.
953 3633 991 3694 r.
1009 3609 1087 3678 494.
1102 3647 1146 3660 -
1158 3609 1194 3680 si

102 3688 157 3840 iit
170 3691 349 3844 {iiiiii
363 3691 626 3866 'iiZ‘i‘idiii‘i
641 3692 963 3846 ⁰ioi⁶¹iii⁵⁸i⁶vii
977 3695 1173 3846 rppvppr

101 3863 252 3947 probante
265 3861 374 3930 Mittin
388 3803 482 3932 Psoi
496 3869 528 3948 ξ.
547 3865 656 3934 1383..
727 3865 899 3942 sollenat,
929 3885 990 3930 nox
1013 3866 1109 3952 plane
1131 3803 1192 3931 ii-

102 3948 258 4032 oessaria,
284 3956 361 4037 post
391 3945 618 4038 ζωοποιήσει
645 3951 779 4019 excidit.
834 3951 971 4017 Scilicet
996 3951 1191 4037 corporibus

102 4052 241 4120 qnoque,
262 4054 325 4098 non
341 4035 446 4100 solum
461 4037 581 4102 animis
597 4036 724 4125 piorum
741 4036 1005 4104 Christianorum
1018 4035 1126 4100 Deum
1140 4038 1193 4102 vi-

101 4123 160 4181 tam
176 4121 330 4199 daturum
348 4143 423 4186 esse
435 4121 603 4210 Apostolo
623 4122 858 4187 enuntiandum
878 4129 941 4190 est.
964 4159 1004 4172 -
1048 4121 1190 4202 Conloc-

102 4203 358 4292 matioreoepta:
389 4203 446 4270 διὰ
461 4209 521 4272 rori
542 4207 746 4284 ἐνοικοῦντος
766 4203 869 4275 αήιοῦ
891 4203 1088 4286 πνεύματος.
1132 4205 1189 4275 tra
1217 4261 1221 4270 .

101 4283 212 4355 babent
228 4291 379 4356 Clemens
392 4291 452 4358 Al.
466 4289 590 4359 Strom.
606 4285 678 4373 ΙΙΙ,
694 4293 728 4380 p'.
741 4293 817 4359 334.
834 4293 887 4362 ed.
902 4293 1059 4361 Commel.
1073 4295 1191 4377 (vulgo

103 4371 218 4442 altum
238 4374 390 4464 Orig.'in
412 4376 533 4453 blattb.
549 4369 730 4462 uultu,
757 4401 852 4466 quem
873 4383 977 4448 locum
998 4381 1084 4444 male
1105 4380 1187 4444 cita-
