2876 5056
11 2625 13 2638 .
150 2593 175 2654 s
225 2571 314 2654 sint,
335 2571 562 2636 etiamcorurn
601 2577 768 2636 osterosa

11 481 13 498 .
87 320 97 351 ⁹
236 377 305 448 rar
450 365 1124 456 nrrsrocnnnaonanos
1190 397 1214 470 ‚-

238 531 318 611 donc
330 519 415 596 nnnc
427 527 574 596 homines
585 529 712 599 christo
725 529 855 613 insitor,
877 550 963 596 nnnc
977 531 1136 614 apostolor
1145 529 1338 634 etprophe-

172 630 174 634 ’
237 623 291 682 tes
302 617 368 706 Dei
378 616 631 718 interpretatur.
670 613 842 682 Debuerat
857 616 976 680 saltem
989 613 1049 720 cpe
1060 607 1212 701 άπαρχην
1226 622 1262 679 et
1280 613 1340 701 rip

192 760 195 774 ,
235 701 332 786 ῥίζαν
346 697 390 766 ad
404 699 592 782 Ghrrsturn,
605 697 652 776 ,τὸ
666 697 806 786 φύραμα
821 707 855 766 et
868 700 947 776 τοὺς
962 701 1104 775 κλάδους
1119 700 1161 764 ad
1180 701 1340 790 populum

180 863 183 870 ¹
231 785 382 877 jud.„a
450 784 642 854 oGhristus
661 786 836 852 humanam
857 786 1017 870 originem
1037 785 1173 866 habuit,
1209 785 1340 850 reterre

220 877 283 954 glr.
297 807 448 958 Pelupff.¹
481 869 686 957 Quamquam
703 893 744 935 ne
759 870 820 937 hoc
833 871 964 958 quidem
984 879 1074 938 recte
1091 873 1216 936 iactum
1234 877 1340 939 esset.

233 955 393 1042 Iudaicos
409 955 537 1024 Christi
551 957 680 1021 natales
694 955 902 1043 splendorem
917 966 953 1026 et
965 956 1065 1024 decus
1082 955 1209 1022 nationi
1231 956 1340 1022 israe·
1425 1037 1426 1040 Ἴ

206 1102 209 1116 2
230 1029 348 1128 liticae
360 1041 479 1108 afferre
494 1039 535 1109 P.
548 1039 634 1106 dixit
643 1041 734 1122 9,3.:
761 1041 840 1107 illos
862 1041 1031 1122 effecisse,
1052 1049 1089 1106 ut
1102 1039 1339 1106 Israelitarum
1425 1047 1426 1120 l

102 1129 106 1139 '
260 1127 378 1217 opulus
396 1126 471 1192 Deo
491 1147 585 1206 sacer
604 1134 638 1192 ot
659 1134 775 1210 gratus
796 1147 870 1194 esse
889 1127 1051 1216 inciperet
1071 1148 1111 1191 ne
1129 1125 1242 1214 potuit
1263 1127 1338 1212 qui.-
1425 1145 1426 1154 ’

233 1149 309 1278 dem
324 1207 502 1280 affirmare.
541 1211 696 1312 Denique
711 1233 777 1277 non
794 1219 863 1293 est,
892 1212 980 1300 quod
1000 1233 1057 1278 eos
1076 1227 1216 1297 operose
1236 1213 1338 1277 reial—
1425 1259 1426 1264 η

233 1299 362 1384 lamus,
394 1296 453 1384 qui
473 1294 541 1362 alio
562 1318 658 1384 prrus
678 1295 856 1364 membrum
905 1297 973 1363 alio
993 1297 1160 1386 posterius
1179 1297 1338 1362 traduxe-

231 1394 329 1464 runt,
351 1379 615 1468 quandoquidem
631 1389 704 1448 utro
723 1347 921 1466 ermemiro
937 1382 977 1447 de
991 1381 1187 1466 patriarchis
1202 1403 1336 1446 eorum-

11 1521 13 1534 .
224 1489 293 1574 pue
311 1469 450 1552 posteris
468 1466 524 1551 agi
547 1486 648 1554 supra
667 1487 685 1531 o
712 1467 867 1545 ecimus„
889 1467 1033 1534 Stolziur
1052 1472 1086 1531 et
1103 1465 1260 1533 Reiohirrc
1278 1465 1337 1553 rip

33 1595 35 1602 ι
231 1549 386 1637 απαρχήν
405 1551 480 1639 pios
503 1549 669 1632 ludaeos,
704 1550 762 1639 qui
782 1550 917 1620 Christo
938 1552 1036 1618 fidem
1066 1551 1260 1634 habuerint,
1296 1551 1334 1614 cd
1425 1563 1426 1592 λ

150 1635 152 1644 ’
195 1641 197 1648 “
272 1633 373 1723 ’ραμα
384 1643 515 1702 ceteros
526 1635 689 1718 Iudaeos,
711 1635 769 1724 τὴν
783 1635 877 1724 ῥίζαν
890 1636 1097 1725 patriarchas
1110 1643 1143 1700 et
1154 1634 1237 1712 τούς
1251 1630 1336 1700 κλά·
1425 1647 1426 1652 ’

188 1779 190 1788 λ
231 1658 438 1810 Αάλλυςαανιιαι
447 1730 823 1830 posteroscnarrarunt.
849 1719 1335 1809 TheodoretuerclrotMattln,

178 1869 181 1876 ,
230 1805 345 1891 Petop.
361 1805 422 1889 τὴν
438 1803 591 1894 απαρχὴν
604 1806 773 1875 Christum
794 1801 847 1888 (τό
869 1803 1009 1894 φύραμα
1021 1805 1251 1872 Hebraeorum
1273 1826 1334 1891 po-

228 1892 357 2042 pulum,
372 1891 503 1978 Pelap.)
514 1889 573 1976 τὴν
585 1890 679 1978 ῥίζαν
686 1891 913 1958 Abrahamum
929 1900 963 1958 et
975 1889 1054 1966 τοὺς
1069 1885 1334 1966 κλάάαυςΑλννα-

254 1977 319 2042 ami
332 1985 485 2064 posteros
506 1976 573 2041 dici
592 1977 720 2064 opinati
740 1982 829 2043 sunt.
881 1976 1083 2044 Gloccblerus
1101 1971 1161 2058 τὴν
1180 1969 1333 2062 ἀπαρχήν

173 2077 175 2080 ’
229 2061 418 2143 Christum,
438 2054 478 2128 cd
491 2057 630 2148 φύραμα
646 2061 794 2127 homines
808 2061 1029 2140 christianos,
1047 2058 1107 2147 τὴν
1127 2055 1223 2144 ῥίζαν
1243 2081 1332 2123 men·

228 2147 460 2233 tisanimique
482 2147 709 2227 sanctitatem,
735 2142 816 2223 τοὺς
835 2142 978 2224 κλάδους
997 2147 1087 2212 vitae
1106 2145 1331 2230 integritatem

82 2269 85 2274 ,
227 2239 264 2302 ot
277 2233 359 2298 bene
371 2233 457 2297 facta
472 2241 588 2296 notare
602 2232 668 2297 sibi
682 2230 884 2320 persuasitl!

100 2323 104 2332 ’
237 2355 242 2370 =
313 2315 359 2384 V.
374 2319 428 2385 17.
444 2323 478 2381 et
492 2317 546 2384 18.
590 2316 732 2386 Dixerat
745 2315 787 2384 P.
810 2337 843 2382 v.
861 2318 934 2385 16.:
963 2313 993 2380 si
1013 2314 1116 2402 stirps
1138 2312 1221 2400 Dec
1235 2335 1331 2380 sacra

226 2409 263 2468 ct
275 2393 447 2486 grata'sit,
468 2420 578 2468 ramos
590 2403 718 2488 pariter
732 2402 764 2467 ci
777 2419 890 2466 saeros
904 2407 940 2464 et
958 2419 1032 2465 acce
1056 2407 1110 2464 tos
1129 2419 1223 2480 esse,
1249 2421 1331 2487 quo-

170 2503 176 2520 ’
225 2488 314 2552 niam
325 2487 386 2552 illa
402 2487 463 2550 hos
476 2492 647 2550 consecret
660 2487 695 2555 h.
708 2507 739 2554 a.
754 2487 784 2551 si
821 2485 1007 2552 atriarchae
1056 2506 1094 2549 eo
1109 2485 1246 2550 sarriet
1261 2486 1331 2551 cari

784 2507 858 2637 [λον
879 2570 994 2653 diligi,
1022 2569 1099 2659 quia
1120 2567 1331 2658 patriarchae

215 2655 418 2744 'progeniem
446 2676 539 2722 suam
597 2677 636 2722 eo
665 2677 779 2722 sacros
798 2655 1017 2723 reddiderint.
1067 2653 1330 2740 Quamsenten·

224 2743 307 2807 tiam
328 2742 388 2806 hoc
408 2746 603 2824 argumento
622 2740 665 2805 ab
685 2741 827 2807 ethnicis
850 2739 1034 2830 oppugnari
1054 2759 1154 2827 posse
1174 2749 1229 2826 a'p.
1258 2741 1331 2804 ani-

224 2911 304 3014 gatai
318 2921 353 2978 et
366 2932 445 2994 nos,
467 2911 626 2996 gentiles,
650 2912 708 2997 qbi
730 2911 826 2976 nobis
840 2911 907 2976 Dei
929 2910 1068 2994 gratiam
1089 2909 1153 2974 fide
1171 2909 1331 2976 concilia-

104 2871 111 2878 ·
224 2826 420 2895 madvertit:
441 2822 629 2891 effuderunt
648 2824 769 2894 Iudaei
788 2825 856 2892 Dei
875 2826 1016 2910 gratiam
1036 2824 1102 2891 fide
1115 2824 1252 2891 Christo
1273 2847 1330 2890 ne-
1425 2853 1426 2884 n

224 3017 353 3079 vrnrus,
388 2997 629 3063 carumlocum
651 2994 740 3082 apud
761 2996 872 3061 Deum
893 2993 1111 3077 obtinuimus,
1144 2994 1178 3062 h.
1205 3002 1330 3074 c.‚,ut
1425 3017 1426 3030 ¹

223 3086 316 3156 tuam
336 3080 587 3156 similitudinem
608 3081 854 3163 continuemus,
883 3080 988 3146 exciri
1006 3080 1094 3146 rami
1111 3079 1181 3166 (bie
1200 3080 1330 3168 istoriae)

223 3173 317 3248 cunt,
337 3185 395 3234 noc
407 3168 505 3250 stirpi
517 3166 610 3234 inriti
623 3187 744 3235 sumus.
792 3165 907 3248 Hanc,
928 3185 1012 3252 quae
1033 3165 1075 3228 ab
1096 3164 1237 3229 ethnicis
1259 3187 1329 3230 rno-

223 3251 296 3320 vari
308 3251 489 3340 potuisset,
518 3248 756 3316 dubitationem
777 3251 824 3316 ita
839 3249 880 3320 Ρ.
902 3271 934 3319 ν.
955 3251 1008 3318 17.
1028 3257 1062 3315 et
1082 3249 1135 3322 18,
1153 3249 1263 3330 tollit,
1293 3256 1330 3316 nt

221 3337 333 3426 primo
353 3357 461 3410 omncs
479 3355 591 3400 ramos
612 3337 778 3400 detractos
797 3357 870 3404 esse
890 3333 915 3401 i.
936 3356 967 3403 c.
989 3355 1101 3422 omnes
1121 3333 1329 3420 patriarcha·
1425 3413 1426 3420 ἵ

221 3442 298 3489 rum
323 3429 477 3510 posteros
507 3419 611 3486 divini
639 3420 764 3487 favoris
779 3420 943 3510 jacturam
962 3420 1083 3485 fecisse
1105 3428 1203 3502 neget
1222 3415 1268 3500 (ci
1290 3416 1330 3486 dd
1425 3421 1426 3456 ³

163 3507 171 3581 ’,
220 3534 318 3592 τινες
329 3521 395 3586 τῶν
407 3517 537 3586 κλάδων
551 3517 801 3610 ἐξεκλάσθησαν
813 3540 844 3590 v.
859 3521 946 3605 12),
967 3515 1086 3583 deinde
1101 3519 1220 3583 malam
1237 3519 1327 3582 cxci-

222 3627 336 3676 sorum
352 3625 517 3671 ramorum
537 3605 721 3689 fortunam,
749 3605 774 3674 i.
796 3625 827 3672 e.
848 3603 978 3670 tristem
992 3601 1192 3672 Iudaeorum
1213 3603 1327 3670 aDco
1425 3675 1426 3682 ,

220 3691 472 3782 repudiatorum
493 3697 616 3756 sortem
639 3713 703 3756 non
726 3713 766 3757 ec
788 3690 919 3771 valere,
939 3697 985 3764 ‚nt
1005 3690 1079 3774 pios
1099 3687 1121 3756 J
1125 3686 1247 3752 udaeos
1269 3696 1348 3753 su-'
1425 3765 1426 3772 ἵ

219 3777 325 3869 parbc
339 3777 744 3862 contemnoregentilibus
767 3796 956 3841 concessum
978 3774 1025 3839 sit
1042 3781 1184 3840 moneat.
1234 3771 1325 3838 Naro
1425 3791 1426 3818 ³

221 3863 323 3952 stirpi
336 3862 458 3929 insitos
477 3881 587 3928 mmor
607 3883 627 3926 a
646 3855 955 3941 radicesustincri,
983 3879 1047 3925 non
1068 3858 1215 3923 vicissim
1233 3856 1326 3938 radi·
1425 3865 1426 3886 ³

220 3971 292 4016 cem
307 3947 350 4014 ab
371 3945 485 4013 insitis
500 3947 603 4013 ramis
621 3946 646 4016 i.
666 3935 822 4024 ordivini
841 3946 967 4012 favoris
987 3943 1195 4032 adeptionem
1216 3943 1327 4010 ethni·

186 4078 190 4082 -
219 4039 278 4101 cos
292 4031 512 4122 patriarchis,
533 4052 597 4098 non
611 4032 819 4119 patriarchas
836 4031 983 4131 ethnicis
997 4035 1162 4116 acceptam
1183 4029 1325 4128 referre.
1361 4071 1363 4080 ι

122 4151 125 4156 ’
160 4201 164 4210 ι
219 4119 364 4186 Temere
380 4117 520 4202 igitura
544 4117 684 4204 paganis
703 4115 851 4183 homines
871 4135 1003 4204 operar,
1028 4134 1167 4201 quorum
1188 4115 1326 4202 majori·
1425 4153 1426 4156 =

218 4203 283 4270 bus
303 4209 708 4282 summumornamentum
725 4201 868 4286 ,debeant
887 4205 935 4286 (v.
956 4197 1009 4266 17.
1031 4198 1177 4280 et18.).'
1211 4199 1325 4274 τινὲς

217 4290 286 4354 τῶν
299 4287 441 4374 κλάδων]
455 4284 572 4372 ''Quum
587 4286 710 4375 oppido
723 4307 846 4375 paucos
858 4284 881 4354 J
882 4284 1005 4352 udaeos
1017 4282 1243 4362 Deusravors
1256 4301 1326 4346 am-

218 4374 339 4486 plexus
361 4381 452 4441 osset
468 4372 528 4462 (cl.
549 4370 663 4457 Chrys.
683 4382 718 4442 et
735 4391 768 4443 ν.
785 4371 820 4444 5.
838 4372 877 4439 ab
897 4369 1052 4456 laipno),
1085 4367 1326 4462 eorumlopgo.
1425 4391 1426 4394 ¹
