2820 5044
179 415 244 443 2
367 441 387 477 „
462 337 846 454 cananaea„
917 407 919 414 <
1146 381 1213 456 aas
1298 430 1299 440 a
1402 319 1403 400 ³

96 541 215 616 beatos
230 563 305 610 esse
319 540 483 624 voluerit,
505 547 562 606 aut
577 539 690 605 lavore
711 559 771 606 suo
793 539 965 628 amplexus
984 541 1043 612 sit.
1081 541 1211 622 'Melius

97 639 209 696 tamen
232 629 317 694 mibi
334 629 504 718 posterior
523 614 756 714 interpretatio
774 628 887 712 placet
907 649 971 694 non
1000 629 1111 708 solum
1129 652 1211 733 pro·

96 719 208 802 pter'l
224 715 301 783 Cor.
317 715 351 797 8,
359 716 392 782 3.
409 715 486 785 Gal.
502 715 575 794 4,9.
589 714 611 778 2
623 711 714 780 Tim.
730 711 845 794 2,19.,
871 715 930 778 sed
951 715 1050 782 etiam
1073 715 1214 800 idcrrco,
1247 734 1251 748 ⁴

123 799 186 868 uod
201 801 349 882 acutius,
380 821 478 888 qrram
494 801 589 888 prior
612 797 798 880 enarratio,
826 799 1010 870 antitheton
1034 803 1210 869 verborum

96 823 260 952 duareno
273 896 308 954 et
321 885 473 972 προέγνω
496 885 611 956 allicit.
654 883 732 952 Non
753 883 924 950 continent
942 907 974 955 v.
995 875 1035 952 ‘dv
1052 887 1209 975 προέγνω

96 972 285 1052 rationem,
303 993 388 1058 quae
403 969 513 1044 Deum
528 971 686 1061 populum
701 992 797 1037 suum
820 970 978 1059 rejecisse
1000 981 1126 1039 temere
1147 995 1209 1040 ex·
1235 993 1255 1028 ἰ
1286 1007 1290 1015 ’

94 1057 395 1140 istimari¹doceat,
423 1059 455 1123 si
477 1059 560 1122 banc'
580 1057 836 1146 explicationem
857 1057 992 1125 inieris:
1019 1079 1084 1124 non
1104 1081 1209 1148 repu-

95 1142 202 1209 diavit
216 1143 312 1209 Deus
326 1144 485 1245 populum
504 1165 619 1223 suum,
648 1163 745 1231 quem
760 1145 774 1228 (
783 1139 878 1232 cujus
894 1141 1086 1228 ingenium)
1106 1155 1208 1211 antea

95 1232 187 1314 (ante
203 1229 316 1295 mundi
338 1230 582 1312 initia)‘notum
606 1229 724 1294 habuit
744 1229 804 1312 (cl.
824 1225 875 1310 ll,
886 1227 977 1312 198.)
998 1229 1032 1297 b.
1052 1250 1083 1296 e.
1107 1251 1219 1320 quom,

94 1315 151 1380 sui
164 1313 402 1388 studiosumet
415 1315 552 1384 Christo
566 1315 632 1380 ude
654 1315 819 1381 addietum
840 1315 913 1380 lore
935 1313 1111 1404 praevidit.
1130 1367 1133 1376 =
1153 1317 1208 1410 At

8 1479 9 1482 ρ
94 1399 144 1465 sie
167 1401 228 1465 hoe
250 1399 490 1482 diciMeyevua
511 1401 673 1467 obvertit:
696 1422 760 1466 non
781 1399 1080 1488 repudiavitDeus
1099 1417 1232 1491 popu-¹·
1402 1419 1403 1424 ’

92 1485 164 1550 lum
180 1487 404 1574 suum,1cujus
418 1485 536 1552 honam
552 1485 695 1551 indolem
711 1495 787 1554 onte
803 1487 914 1550 mundi
929 1487 1111 1575 primordia
1127 1507 1207 1576 per-

91 1571 263 1723 {mitt
271 1571 1205 1747 ‘alt‘lttlblltt'titt{ltltttnb‘ttta

963 1731 965 1736 ,
1071 1706 1082 1740 2

91 1741 170 1807 fieri
193 1743 320 1830 nequit.
371 1741 445 1808 lmo
467 1744 497 1810 si
518 1739 613 1824 Deus
641 1743 806 1808 nationem
835 1743 1069 1826 israeliticam,
1105 1741 1204 1832 cujus

117 1829 299 1893 racelaram
316 1827 459 1893 indolem
475 1836 552 1894 ante
568 1829 721 1894 mundum
735 1826 902 1895 conditum
917 1839 1125 1918 perspectam
1141 1835 1206 1896 ba-

89 1847 241 1994 buisset,
278 1921 389 1979 tamen
412 1924 526 2002 postea
547 1913 740 2006 rejecisset,
773 1916 1035 1982 eam-nationem
1055 1937 1116 2004 pro
1139 1916 1204 1982 susi

90 1998 330 2086 omnipotentia
345 2001 568 2088 corrupisset,
599 2021 683 2088 quse
705 1999 840 2068 Christo
861 1999 959 2066 fidem
980 1999 1210 2090 adjunxisset,¹
1263 2049 1269 2067 -.

91 2082 123 2147 si
138 2085 170 2148 ei
189 2105 251 2149 suo
269 2084 542 2151 arbitriovivere
563 2107 624 2173 por
640 2085 749 2150 Deum
768 2085 935 2152 licuisset.
983 2085 1071 2153 Nam
1094 2088 1204 2160 homi.

90 2189 152 2232 nes
167 2169 309 2257 rejectos
323 2171 647 2238 contumaees-Deus
661 2171 817 2253 reddidit,
840 2191 880 2238 ue
900 2170 967 2237 lide
980 2172 1118 2242 Christo
1139 2175 1214 2262 lna-⁴

90 2253 163 2318 nita
179 2255 356 2320 bsarentur
372 2257 452 2322 v.'8.
467 2277 520 2341 sap
544 2259 597 2321 ll.
617 2256 685 2324 25..
726 2253 780 2322 Ita
804 2266 922 2336 autern
937 2255 1079 2324 Paulum
1100 2281 1202 2345 argu-

91 2347 362 2411 mentatumesse
376 2339 465 2404 credi
488 2343 621 2427 nequit;
648 2361 712 2408 nou
735 2340 891 2411 refectam
913 2362 989 2410 esee
1008 2343 1119 2410 aDeo
1140 2366 1204 2412 na.
1245 2338 1249 2347 ’

90 2425 215 2491 tionem
230 2425 444 2490 israeliticam
459 2425 534 2492 inde
550 2433 660 2513 patet,
689 2363 785 2513 quod
798 2426 911 2493 nobile
933 2426 1007 2514 ejus
1028 2430 1201 2514 ingenium

91 2517 170 2576 ante
183 2512 295 2588 mundi
308 2509 491 2598 primordia
509 2521 717 2598 perspectum
741 2509 858 2578 babuit
878 2519 912 2578 el
924 2513 1032 2582 Deum
1047 2519 1119 2599 pios
1136 2518 1200 2584 lu·
1248 2529 1250 2542 '

91 2597 196 2662 mines
212 2597 408 2682 depravasse
428 2598 566 2664 absurde
584 2599 754 2664 statuitur.
798 2597 885 2664 Nam
907 2602 1095 2682 argumenti
1114 2623 1201 2690 pou.-

91 2679 156 2745 dus
169 2689 236 2746 taur
251 2681 399 2746 abditum
413 2690 519 2759 esset,
542 2690 580 2746 ut
594 2703 613 2745 a
629 2683 759 2747 nemine
777 2683 877 2748 facile
897 2694 1084 2754 erueretur.
1127 2689 1203 2754 Aee

91 2766 199 2848 cedit,
222 2766 310 2854 quod
324 2764 364 2832 P.
378 2767 421 2830 ab
437 2766 498 2854 brie
513 2767 676 2832 sententiat
693 2768 826 2834 minime
840 2769 1030 2852 abborruit,
1059 2769 1218 2842 Iudaeis

91 2852 135 2918 ab
157 2872 193 2917 ss
215 2847 279 2918 no'n
300 2852 439 2917 delectis
461 2855 569 2917 Deum
594 2853 812 2941 pervicaciam
833 2851 875 2918 ad
903 2861 1035 2943 tempus
1062 2858 1201 2928 insemi-

91 2957 193 3003 nasse
213 2937 267 3023 (v.
285 2941 319 3004 7.
332 2973 375 2988 -
387 2939 442 3006 26.
452 2940 477 3021 ).
527 2936 708 3026 Perperam
723 2937 852 3022 Clarum,
874 2938 1012 3022 Herm„
1041 2939 1202 3028 moneta,

90 3019 242 3097 Roaenm.
257 3024 418 3112 multique
435 3023 495 3096 alii
507 3024 620 3090 verbis
637 3012 675 3088 ὃν
692 3021 845 3107 προέγνω
863 3025 1022 3091 vocabula
1039 3024 1097 3091 aba
1115 3025 1202 3096 λαὸν

90 3097 196 3196 αὑτοῦ
209 3109 396 3174 accuratius
411 3108 571 3175 constitui
585 3129 690 3196 eoque
708 3108 751 3172 ad
766 3107 967 3200 ludaeorum
989 3119 1118 3198 partem
1142 3134 1200 3179 re·
1276 3137 1280 3145 ’

14 3195 27 3228 ‘
90 3193 216 3280 stringi
236 3195 363 3282 opinati
386 3205 465 3260 sunt
487 3195 520 3262 b.
543 3215 591 3262 r.:
623 3215 687 3260 non
715 3193 905 3285 repudiavit
925 3193 1021 3262 Deus
1045 3197 1199 3282 populum

90 3299 202 3361 strum,
222 3280 279 3368 cuj
281 3303 317 3346 ua
330 3281 447 3346 bonam
460 3280 597 3346 indolem
609 3287 707 3346 anteo
720 3287 831 3360 notam
844 3279 957 3346 babuit
970 3280 1005 3350 b.
1017 3301 1048 3350 e.
1065 3303 1123 3364 cos
1135 3281 1199 3351 Ju-

91 3361 212 3446 daeos,
228 3387 323 3454 ,quma
364 3365 414 3430 ios
433 3374 469 3439 ot
487 3365 551 3430 lide
564 3365 759 3432 Abrabamo
778 3364 908 3430 similes
927 3366 1001 3432 lore
1018 3367 1199 3454 praevidit.
1226 3368 1229 3377 “

90 3447 125 3514 N
129 3456 257 3518 amtoto
272 3461 380 3538 capite
393 3448 534 3516 invitatu
550 3451 615 3516 loci
632 3451 737 3531 1⁰,19.
748 3451 855 3518 -21.
871 3452 1011 3519 consilia
1025 3463 1199 3540 exponun-

90 3540 167 3616 tur,
189 3547 279 3623 'quae
302 3539 397 3602 Deus
419 3535 460 3601 de
479 3537 611 3603 natione
630 3535 813 3624 israelitice¹
828 3535 1012 3623 saluteque,
1025 3538 1058 3603 ei
1079 3560 1200 3606 couce-
1255 3593 1260 3598 .

90 3617 389 3706 «lenociniorum.
405 3622 436 3689 1.
451 3623 482 3688 7.
501 3622 691 3690 11.14.24.
706 3659 747 3670 —
758 3622 842 3704 32.).
884 3620 930 3686 Et
952 3622 1022 3689 veri
1036 3622 1199 3698 Abraba-

90 3703 228 3787 midae,
240 3706 297 3795 quai
312 3707 428 3797 proavi
440 3705 539 3772 fidem
553 3708 779 3788 aemulentur,
799 3727 866 3772 non
884 3707 991 3773 solum
1013 3707 1063 3796 pii
1083 3710 1198 3797 etqui
1249 3783 1251 3786 ,

7 3807 9 3826 ’
90 3787 228 3856 Christo
244 3792 341 3858 tidem
357 3793 544 3857 babuerunt
559 3792 676 3859 dodoci
688 3786 913 3878 appellantur,
926 3790 984 3858 sed
998 3793 1096 3858 etiam
1111 3813 1197 3878 pen·
1218 3801 1223 3822 ¹
1303 3823 1305 3826 ·

89 3875 183 3957 tiles,
205 3883 262 3966 qni
276 3876 482 3948 sincerafide
496 3875 665 3946 Christum
680 3877 824 3964 amplexi
840 3884 935 3958 eunt,
954 3877 989 3959 4,
1001 3879 1058 3956 16.
1069 3877 1148 3946 Gal.
1163 3880 1201 3961 6,

92 3962 145 4028 16.
159 3967 206 4045 (ν.
223 3961 374 4050 lineola).
390 3999 432 4013 -
474 3961 572 4030 Nunc
586 3968 763 4051 postquam
778 3963 852 4050 Ap.
865 3983 930 4029 uon
946 3961 1105 4052 rejectum
1121 3985 1211 4044 ceso¹

90 4067 109 4110 a
124 4047 199 4118 Deo
214 4050 371 4137 populum
389 4049 605 4115 israeliticum
619 4047 749 4113 idoneis
764 4049 971 4134 argumentis
989 4047 1197 4132 demonstra-

90 4131 141 4198 rit
153 4153 185 4199 v.
196 4137 226 4198 l.
238 4135 283 4216 2.,
299 4155 358 4222 quo
371 4137 405 4202 io
417 4143 507 4202 statu
522 4133 594 4224 ejas
607 4133 721 4236 populi
736 4137 792 4198 res
805 4134 875 4198 siut
891 4133 1048 4201 ostendit.
1071 4135 1197 4237 ‚Quem-
1266 4217 1269 4224 ¹
1320 4165 1323 4173 ·

91 4217 268 4284 admodum
282 4219 377 4286 Elias
391 4221 618 4310 temporibus,
639 4219 769 4306 lnquit,
789 4218 898 4306 Deum
913 4218 1049 4308 aliquod
1063 4241 1196 4310 prorum

91 4300 295 4372 ludaeorum
320 4307 535 4372 seminarium
564 4304 630 4370 sibi
658 4304 976 4392 relliquisse‘nostis
995 4326 1030 4372 v.
1047 4303 1197 4386 2.--4.,
1240 4336 1243 4338 ·

14 4425 20 4436 .
86 4390 140 4532 sio
161 4413 248 4457 nuno
269 4413 401 4498 quoque
420 4393 553 4482 aliquas
570 4391 708 4480 piorum
721 4387 957 4544 lmllladuam
976 4389 1118 4479 benigno
1136 4387 1197 4522 vio·¹
1227 4390 1233 4400 '
