2814 5056
50 457 60 470 q
120 427 125 436 ,
180 360 245 432 eeu
328 351 332 372 ⁸
387 303 1080 429 urrsrounaonounnos

150 519 233 588 final
247 515 479 584 acerbissimos
491 517 579 584 ritae
599 537 699 584 casnm
711 516 901 584 moderante
917 519 988 586 Deo
1004 518 1166 608 prodesse
1180 540 1210 587 r.
1229 517 1287 587 28.
1305 583 1311 594 ,

177 607 342 686 alliceret,
371 624 409 667 ee
430 602 655 669 tautummodo
676 603 847 687 referenda
871 613 986 685 erant,
1014 627 1098 692 quae
1118 606 1212 670 Deam
1227 627 1287 670 eos
1385 634 1389 650 ι

179 693 295 758 beatos
313 687 505 756 redditurus
525 689 649 755 laceret
669 701 700 754 et
723 689 832 753 alieno
847 691 871 759 l.
895 712 932 754 en
948 699 1179 772 memorasset,
1198 709 1288 776 quae

177 775 355 844 bominibus
370 772 519 839 obeunda
535 781 666 853 esseut,
688 779 724 837 ut
737 774 825 838 beati
841 775 971 843 fierent.
994 766 1053 851 olla
1066 777 1103 841 δὲ
1118 770 1185 850 ab„
1208 769 1288 846 σού·
1397 783 1398 788 ’

177 883 256 938 σοις
269 860 324 924 καὶ
338 855 490 944 ἐδόξασι]
512 879 588 946 quoa
602 867 711 925 autem
733 859 876 924 insontes
891 861 1088 940 declaravit,
1109 859 1144 924 in
1158 859 1288 924 eoadem
1333 893 1341 902 ·

177 947 278 1012 etium
290 944 519 1027 sempiternom
543 942 752 1029 majestatem
775 945 935 1010 contuli
942 953 957 1011 t
980 946 1054 1046 laq·
1069 944 1167 1009 iidem
1182 942 1286 1008 etiam

178 1031 265 1096 talos
284 1038 380 1109 sunt,
410 1049 494 1114 quos
514 1029 649 1094 aeterna
676 1027 833 1093 beatitate
855 1029 1066 1097 decertaverat.
1110 1028 1195 1094 Nam
1212 1049 1286 1094 cer-

163 1115 331 1191 tissimus
348 1111 408 1199 τῆς
426 1108 640 1200 δικαιοσύνης
659 1112 786 1178 leuatus
805 1122 856 1178 est
881 1107 901 1198 ἤ
923 1110 1061 1189 αἰώνιος
1080 1111 1147 1198 ζωή
1172 1113 1205 1194 5,
1219 1114 1288 1193 21.,

75 1216 83 1222 ·
178 1209 217 1266 ut
233 1193 293 1285 τήν
315 1193 415 1275 δόξαν
437 1196 592 1284 adeptum
619 1219 695 1264 esse
716 1193 810 1285 cuir}
837 1194 1032 1283 δικαιοσύνη
1052 1199 1231 1282 contigerit
1253 1207 1289 1262 et

177 1286 271 1352 illurn
293 1284 354 1349 btc
374 1282 536 1348 contineri
560 1291 648 1348 recte
670 1283 854 1350 existimes.
902 1282 1162 1349 l'oniturabtenn
1178 1284 1289 1349 Acri·
1398 1283 1399 1290 '

177 1377 252 1437 stus
274 1368 314 1434 do
342 1389 395 1449 re,
430 1389 544 1454 (pirae,¹
561 1369 712 1454 quamvis
732 1367 844 1434 littura
861 1368 925 1448 sit,
946 1375 1054 1432 tameo
1070 1388 1130 1468 pro
1149 1368 1287 1458 peracti

176 1462 266 1522 recte
280 1462 471 1533 censeatur,
501 1475 601 1539 quum
618 1454 669 1519 rel
684 1453 751 1518 aliia
766 1475 801 1518 ro
812 1453 881 1544 jam
897 1453 983 1519 lactei
998 1464 1225 1534 contineatur,
1246 1462 1288 1518 ut
1399 1511 1400 1514 ,

178 1542 212 1610 Ιι.
226 1542 271 1621 1.,
291 1539 345 1604 rel
365 1561 383 1601 a
405 1539 593 1604 conditione
615 1559 674 1604 sus
698 1559 779 1603 ensa
794 1539 977 1622 cogitetur,
1005 1559 1103 1624 quum
1119 1537 1182 1604 'arn
1198 1538 1287 1605 obti-

177 1621 451 1692 nuisse'finxoris
474 1623 518 1693 V.
538 1622 639 1692 Hom.
655 1559 700 1692 ll.
714 1624 830 1705 4‚161.
852 1621 931 1694 lob.
948 1624 1040 1705 15,6.
1055 1635 1088 1698 et
1138 1645 1218 1690 erm.
1241 1621 1286 1687 de
1398 1645 1400 1652 ’

3 1765 4 1772 ,
176 1708 305 1776 emend.
334 1711 462 1777 rationo
490 1729 628 1793 graecae
656 1729 707 1794 gr.
735 1706 852 1790 1‚1bu
879 1727 944 1795 sq..
999 1708 1112 1800 Hujus
1147 1707 1288 1776 Aonisti

3 1853 7 1880 ,
128 1807 133 1813 '
176 1795 455 1878 ignoratarum
488 1815 664 1881 perversas
700 1795 831 1882 peperit
864 1795 1169 1944 interpretationes.
1227 1794 1288 1859 Sio
1400 1849 1401 1856 ,

3 1881 4 1900 ’
179 1881 312 1964 Ulaya,
336 1879 539 1960 Theodoram,
564 1877 752 1963 Theoplrpl„
780 1880 944 1946 llrcrm.a
962 1925 972 1946 .
987 1875 1126 1956 δδόξασι
1147 1881 1180 1944 in
1197 1879 1289 1944 bunc

148 2033 151 2040 ,
178 1967 309 2032 modurn
328 1975 569 2052 exposuerunt:
604 1964 775 2050 majestate
798 1986 856 2027 eos
870 1965 1001 2030 ornavit
1014 1964 1205 2030 scil-divini
1217 1965 1287 2046 rpi-

177 2053 261 2118 m‘tuc
286 2051 378 2114 donis
404 2049 492 2116 dictio
516 2056 549 2115 et
577 2050 744 2129 adoptione
764 2049 798 2114 iu
813 2049 900 2132 filios
920 2050 961 2116 ilc
981 2055 1143 2116 concessu.
1195 2040 1286 2135 Ata‘

138 2131 141 2139 ’
179 2132 262 2213 δόξα
275 2136 472 2220 sempiterna
487 2136 555 2200 uitet
569 2133 754 2197 absolvitur
768 2136 814 2214 (v.
830 2156 859 2198 v.
869 2134 950 2211 18.),
972 2143 1175 2214 ornamenta,
1197 2155 1285 2220 quae
1344 2153 1351 2166 ¹

3 2271 4 2304 ,
96 2269 99 2276 ,
157 2223 247 2296 ,τοῖς
273 2221 408 2296 πιστοῖς
435 2219 468 2282 ln
498 2212 831 2284 haesitationibus
856 2219 1068 2302 contingunt,
1097 2218 1286 2305 σοφιστὴν

3 2309 4 2318 ’
176 2299 277 2380 δόξαν
291 2312 392 2369 totam
408 2303 549 2383 iaciunt,
571 2323 678 2389 neque
701 2301 774 2390 ejus
787 2310 915 2391 partem
932 2304 1151 2372 constituunt.
1194 2304 1285 2368 Male

175 2388 281 2473 igitur
305 2388 426 2472 (lurpz.
458 2389 660 2474 Apostolum
682 2383 821 2464 ἒδόξασι
847 2389 1027 2454 collocasse
1049 2388 1219 2475 perhibuit
1247 2398 1287 2453 nrt

176 2474 241 2559 τὴν.
257 2470 374 2552 δόξαν,
397 2493 480 2559 quae
500 2473 534 2538 in
556 2471 623 2536 vitai
647 2474 781 2538 aeterni
796 2474 998 2560 perficiatur,
1017 2475 1145 2542 initium
1165 2475 1286 2560 cepisse
1391 2541 1395 2550 ,

176 2549 1286 2730 aaa⁵‘astrataactitataarceanttaam·

4 2765 25 2782 1·
110 2793 112 2799 Α
177 2729 354 2797 Auristum
375 2749 436 2816 pro
464 2729 654 2806 Praesente,
680 2728 845 2809 Glauciam,
869 2729 987 2797 Heum.
1002 2731 1048 2795 al.
1069 2750 1129 2816 pro
1153 2727 1180 2794 F
1183 2735 1285 2794 uturo

143 2831 145 2838 ⁴
176 2815 319 2903 positum
335 2834 410 2880 esse
423 2813 601 2880 tinnuerunt.
626 2813 736 2892 Grai„
751 2815 874 2898 Beraq„
901 2815 1085 2896 Terretur„
1108 2812 1220 2882 aeaco.
1234 2815 1285 2882 el.

119 2979 128 2990 „
176 2906 374 2964 enarrarunt
385 2898 564 2978 decorarat,
590 2903 748 2984 quolenus
761 2899 912 2964 decorare
929 2898 970 2964 αδ
984 2905 1115 2964 aeterno
1136 2899 1284 2966 decre-

146 3052 149 3061 ,
174 2985 248 3052 acic.
275 2983 394 3054 Recccls.
415 2984 617 3072 Apostolum
639 2982 716 3067 quia
738 2982 846 3047 animo
861 2983 1085 3048 vehementius
1100 2992 1287 3062 commotus¹

157 3076 245 3136 ¹rem
255 3071 398 3134 futuram
412 3090 483 3132 cum
498 3067 677 3154 reparantia
691 3065 896 3131 contudisset
910 3064 1049 3144 ἐδόξασε
1069 3087 1130 3155 pro
1147 3065 1287 3146 δοξάσει
1354 3101 1359 3108 ·

175 3155 355 3242 scripsisse
381 3153 448 3218 sibi
476 3151 664 3240 persuasit:
707 3151 759 3220 cf.
779 3149 809 3231 Ι,
836 3153 924 3220 210..
946 3189 989 3202 -
1034 3151 1122 3218 Sane
1151 3150 1189 3221 Ρ.
1216 3175 1283 3218 non

156 3250 213 3304 vut
235 3241 382 3320 homines
404 3238 435 3302 ri
453 3238 674 3322 libertateque
689 3243 824 3302 exueret
846 3237 930 3301 bane
944 3243 992 3322 (r.
1007 3237 1061 3306 29.
1077 3239 1148 3321 30.)
1168 3237 1286 3326 dispu-

175 3325 333 3390 tationem
349 3323 519 3404 ingrcssns
538 3331 605 3402 est,
633 3319 691 3384 sed
716 3328 753 3385 ut
769 3321 843 3408 pios
859 3319 1069 3390 Christianos
1085 3324 1146 3389 boo
1160 3325 1285 3390 solatio
1371 3369 1378 3375 -

90 3417 94 3426 ’
174 3418 354 3499 recrearet,
378 3405 542 3490 singulari
558 3427 615 3470 cos
632 3404 740 3469 Deum
756 3427 867 3472 aurore
883 3409 1041 3494 prosequi
1056 3416 1090 3473 et
1106 3411 1283 3496 sempiter-

176 3517 218 3560 no
232 3493 347 3558 beatos
362 3513 418 3556 eos
432 3491 587 3571 reddere,
611 3500 694 3577 quos
707 3499 805 3558 amet.
849 3491 1064 3580 Quapropter
1082 3514 1121 3558 ca
1138 3502 1295 3564 tautum-1

175 3579 271 3654 morlo
286 3579 339 3644 bic
353 3576 584 3666 persequitur,
613 3596 697 3661 quae
716 3576 827 3658 Deua,
850 3569 1050 3644 ulbomincs
1065 3582 1118 3648 sui
1132 3589 1284 3646 amantes

176 3665 264 3732 beati
282 3659 417 3742 fierent,
437 3662 731 3740 aduriuistravcrit,
751 3659 1051 3728 olbcialromiac‘bua
1070 3663 1220 3729 facienda
1241 3665 1285 3730 de

174 3751 340 3817 industria
362 3748 500 3829 reticet,
529 3752 674 3811 ceterum
695 3767 794 3832 posse
818 3768 875 3810 eos
897 3745 1027 3834 aliquid
1054 3748 1224 3830 coolerre,
1246 3758 1285 3816 ut

175 3837 316 3921 benigna
338 3833 406 3900 Dei
424 3831 562 3898 consilia
577 3844 651 3904 reta
665 3831 764 3910 fiant,
792 3829 888 3896 fidem
905 3831 1042 3900 Christo
1056 3833 1206 3900 babendo
1221 3837 1285 3900 nri·

175 3925 262 3990 nime
291 3927 389 4006 negat
420 3923 467 4004 (v.
494 3921 626 4004 suprats
678 3915 795 3981 Nihilo
826 3919 934 3982 secius
961 3916 1000 3985 P.
1020 3917 1282 4021 disputationem

174 4002 337 4098 ejusmodi
357 4025 450 4083 esse,
478 4009 515 4068 ut
534 4002 642 4066 omnia
662 3999 737 4066 Dec
760 4000 971 4084 tribuantur,
999 4003 1165 4070 bomruurn
1187 4015 1284 4092 potc-

97 4121 99 4128 ’
176 4095 258 4159 stati
273 4092 357 4156 nibil
371 4092 610 4175 rellinqnatur,
638 4087 814 4169 ingenuum
835 4087 1048 4176 interpretem
1064 4090 1166 4154 lateri
1180 4111 1282 4177 opor-

172 4185 237 4246 tet.
277 4175 364 4243 Nam
386 4196 444 4255 eo,
466 4173 554 4262 quod
578 4173 726 4238 ultimam
741 4178 898 4239 aeternae
911 4173 1084 4239 felicitatis
1098 4196 1231 4240 carneam
1247 4179 1283 4242 in

174 4263 242 4330 Dal
257 4260 387 4327 concillo
400 4267 476 4325 aute
490 4256 601 4324 mrsndi
620 4254 800 4344 primordia
814 4266 911 4344 capto
924 4259 1034 4324 inesse
1049 4259 1159 4326 docuit
1173 4263 1291 4344 ο.29.,,

125 4411 130 4420 ,
174 4346 454 4418 beluacensium
476 4343 626 4412 bominac
648 4341 815 4426 devinxit,
842 4342 1106 4432 quandoquidem
1122 4346 1191 4412 Dei
1204 4369 1283 4422 con,-
1309 4383 1318 4406 ·.
