2806 5054
314 397 319 405 ·
361 385 482 462 cnr.
502 363 633 468 v11'1.
659 318 910 462 raonis..
1120 395 1185 463 ms
1257 423 1291 442 ‚„

89 551 214 622 Dicitur
229 549 326 618 Deus
343 543 564 629 ὑὺποτάξας,
582 569 731 614 summus
745 549 890 617 omniurn
905 570 1014 618 rerum
1030 552 1181 622 modera-

90 649 136 704 tor
153 637 376 717 Rom.ll,36.
398 642 432 702 et
454 655 550 723 quem
571 642 694 700 terram
719 645 923 703 exsecratum
944 657 1022 719 esse
1037 639 1180 708 Gerresis

91 723 206 788 diserte
227 730 371 789 testetur
382 721 477 806 3,17.
494 720 588 804 229.
621 721 693 787 doe.
708 719 879 806 ConpeIlns
892 719 950 788 τὸν
967 717 1180 802 ὑποτάξαντα

90 809 241 892 aldamum
250 817 268 890 ,‘
281 808 409 892 Chrys,
429 804 602 891 Theopllyl.
617 807 663 874 al.
675 799 734 871 τὸν
746 799 930 891 ila-insanos
942 829 1017 874 esse
1031 809 1181 894 eredunt,

91 891 165 982 quod
181 893 296 958 eodem
312 892 412 961 redit.
443 889 492 958 Ut
500 890 920 974 remotioremeolamitetis,
935 915 1030 981 quam
1040 895 1181 962 mundus

89 979 222 1066 aceepit,
244 999 378 1044 eausam
395 973 461 1044 eP.
477 974 591 1040 afferri
605 975 757 1064 potuisse
771 975 964 1047 ooneedam:
985 977 1181 1050 Infirmlteti

89 1068 128 1142 (s.
143 1062 266 1130 Adami
306 1061 498 1147 erversitati
515 1061 667 1148 maloque
684 1081 725 1125 ex
743 1061 781 1125 esi
800 1070 936 1131 exorto:
959 1085 989 1132 v.
1008 1076 1125 1154 supra)
1143 1087 1181 1133 se
1293 1115 1299 1134 .

90 1147 225 1216 Mundus
238 1087 394 1214 suimisit
411 1169 473 1213 nou
488 1153 606 1234 suapte
621 1154 749 1234 sponte,
765 1146 1181 1236 sednroptereumquisnb-

92 1234 170 1301 misit
182 1235 217 1302 ln.
236 1257 267 1302 e.
283 1233 405 1319 eulpa
419 1230 528 1318 ejus,
549 1231 603 1318 ossi
614 1232 782 1314 submisit,
801 1233 940 1301 Ademit
961 1245 1069 1301 tamen
1084 1234 1182 1306 Pauli

90 1320 264 1408 disputatio
278 1321 361 1385 hano
382 1317 625 1383 enarrationem
646 1318 789 1405 respuit.
837 1315 1006 1384 Nimirum
1027 1321 1111 1384 hane
1131 1323 1183 1388 in·

90 1427 195 1490 gresso
210 1405 311 1470 rerba
328 1399 380 1472 ἐπ’
391 1400 516 1478 ἐλπίδι,
534 1397 700 1469 dra-sio
714 1402 910 1492 explicanda
923 1415 1018 1472 sunt:
1041 1406 1183 1474 suh'eoit
1305 1463 1308 1476 .

91 1513 121 1556 se
129 1491 271 1557 Mundus
287 1511 344 1574 spe
359 1492 529 1574 concepta,
540 1484 613 1574 fore
624 1493 660 1553 nt
673 1525 726 1556 -.
760 1488 831 1567 At,
852 1499 889 1554 ut
902 1487 1085 1576 disputatio
1098 1427 1182 1559 inne

110 1577 248 1658 recedat,
264 1598 374 1664 spem,
398 1572 439 1639 de
454 1573 518 1660 qud
534 1592 565 1638 v.
581 1573 636 1639 21.
650 1573 780 1658 egitur,
801 1575 908 1640 Deum
924 1575 1044 1641 mundo
1061 1579 1184 1646 lesisse

88 1599 185 1730 i‘aulo
201 1659 434 1729 declarandum
450 1665 515 1726 est.
547 1653 635 1722 Nem
645 1659 750 1723 Deam
763 1657 796 1723 in
813 1660 885 1747 pios
895 1660 1106 1729 Christianos
1115 1685 1184 1728 sna·

86 1747 236 1842 jestetem
251 1749 450 1813 collaturum
465 1763 539 1808 esse
554 1743 1079 1831 (v.18.)Ap.exeodemonstrat,
1095 1747 1185 1836 quod

90 1833 221 1899 muudus
234 1831 293 1919 τὴν
303 1824 521 1914 ἀποκάλυψιν
530 1827 596 1892 τῶν
605 1824 687 1893 visin
695 1829 756 1894 τοῦ
765 1831 854 1894 θεοῦ
864 1845 1117 1918 perseverantes
1127 1855 1185 1901 exe

90 1943 104 1986 s
126 1927 206 1985 estet
224 1921 258 1986 h.
270 1941 300 1984 e.
311 1917 394 2003 qnod
408 1916 518 1979 Dens
531 1915 683 1978 mumdum
694 1917 1070 1997 renovareeoustitnerit,
1088 1941 1185 2007 quum

88 1943 162 2090 tiles
174 2025 252 2070 snm
265 2008 437 2069 ornaturus
451 1999 496 2062 sit
507 2001 554 2082 (v.
565 1999 645 2080 lo).
672 1995 696 2065 J
697 2019 755 2063 ure
765 2005 873 2063 autem
888 2000 1041 2066 mundum
1058 2013 1185 2070 tanatem

90 2111 149 2156 rem
163 2085 422 2157 constantissime
435 2089 637 2168 exspectare,
649 2083 822 2148 autDenm
836 2085 951 2172 utique
961 2085 1059 2152 mund
1064 2111 1115 2152 um
1126 2090 1186 2156 illo
1248 2157 1253 2164 ,

89 2183 228 2263 tempore
243 2180 474 2237 renovaturum
486 2188 560 2232 esse
572 2166 721 2233 effectum
733 2174 795 2250 est,
813 2169 844 2233 si
854 2165 895 2238 Ρ.
907 2193 937 2236 r.
947 2171 1001 2238 20.
1012 2173 1066 2240 21.
1078 2175 1187 2241 Deum

90 2263 254 2327 mortalem
266 2258 387 2323 lesisse
398 2252 552 2319 mundum
563 2274 619 2338 spe
628 2254 730 2334 doto,
749 2261 787 2318 ut
797 2254 940 2320 liliorum
952 2255 1020 2321 Dei
1032 2259 1188 2347 majesta-

90 2349 229 2415 senne.
238 2341 520 2410 immortalitatem
531 2338 877 2425 adipiscereturdixit,
890 2341 1114 2408 nonellestmn
1125 2351 1189 2428 est,

90 2431 274 2498 sinendum
283 2426 408 2495 Adami
423 2423 519 2512 sulpit
538 2425 708 2488 mortalem
721 2425 884 2491 redditum
899 2448 1048 2510 sperare,
1064 2431 1136 2494 lore
1151 2451 1189 2496 se

90 2517 129 2584 ali
154 2516 262 2583 uaudo
277 2510 536 2579 immortalitatis
545 2509 699 2576 Deifiliis
713 2505 1190 2602 destinataeparticipemeon-

89 2539 198 2669 leniit.
251 2599 349 2666 Vana
370 2597 450 2660 haee
468 2593 584 2660 Mundi
608 2617 685 2682 spes
706 2594 794 2660 loret
814 2605 849 2661 et
874 2604 997 2663 temere
1019 2607 1191 2688 concepta.

91 2687 294 2756 Oesnmenins
320 2679 379 2749 τὺν
398 2674 609 2756 ὑποτάξαντα
631 2679 809 2762 Christum,
843 2681 1065 2749 Hammondns
1089 2687 1191 2752 Sota·
1296 2726 1298 2732 ·

89 2795 176 2854 nom,
197 2769 364 2839 Semlerns
376 2764 615 2854 Imperatorem
630 2763 792 2831 Neronem
806 2761 871 2829 diei
887 2767 1028 2851 poterit.
1058 2767 1191 2854 Nugae.
1235 2829 1238 2836 .

26 2871 27 2916 3
90 2850 248 2926 Vosmin’
259 2851 383 2929 ἐλπίδι,
401 2852 602 2917 des-arete
612 2842 838 2936 οιιπιὺπετάγη
852 2853 1030 2917 cohaerere
1042 2862 1077 2920 et
1093 2855 1190 2921 valde

89 2965 236 3024 errasse,
258 2941 334 3027 qui,
353 2946 391 3001 ut
403 2938 533 3024 aliquot
546 2934 678 2999 librarii
693 2935 854 3012 lecerunt,
878 2933 928 3000 ἐπ’
948 2934 1061 3004 ἐλπίδι
1076 2961 1192 3010 eumn.

26 3047 27 3058 ¹
90 3026 221 3095 desinon
242 3020 456 3100 ὑποτάξαντα
485 3041 522 3086 oo
549 3019 684 3084 ulerunt
701 3025 738 3082 ,et
761 3015 816 3083 ὅτι
838 3029 895 3084 aut
916 3021 1009 3108 oasin,
1042 3025 1198 3110 quostiam

26 3115 27 3130 ἢ
89 3115 162 3199 (lt,
203 3109 320 3194 γαῖα,
355 3107 462 3189 (inlu,
501 3043 576 3172 cir.
599 3106 655 3172 Fr.
680 3103 842 3186 Schmid„
871 3105 976 3192 olet.)
997 3118 1055 3172 erut
1076 3131 1193 3176 novam
1263 3167 1270 3190 ,

26 3189 27 3216 ’
92 3200 183 3267 r.2l.
206 3194 407 3264 sententiam
429 3191 540 3257 exorsi
559 3189 859 3274 Nomionem)
874 3190 1085 3279 interpretati
1102 3203 1193 3276 sunt,

91 3281 215 3350 duobus
236 3277 443 3365 argumentis
464 3276 607 3341 evincas.
660 3273 773 3340 Primo
792 3275 878 3341 enim
899 3279 1077 3365 explicatio
1099 3280 1195 3348 verbi
1226 3344 1234 3366 ,

29 3435 32 3443 ,
92 3361 256 3455 ὑπετάγη,
280 3359 407 3452 quar.
427 3361 532 3442 eavit,
561 3381 601 3424 ue
622 3357 698 3446 quis
716 3359 874 3426 lllundum
897 3364 1003 3428 alaori
1016 3373 1050 3428 et
1063 3374 1194 3452 promto

26 3499 27 3510 ,
91 3453 194 3519 animo
209 3455 251 3542 τῇ
264 3443 480 3535 Maeotisque
495 3468 531 3510 se
549 3444 738 3518 subdidisse
757 3445 925 3529 erederet,
946 3451 1115 3515 uocabulis
1137 3447 1210 3536 οὐχι

26 3591 28 3612 ,
93 3521 236 3616 ὑποῦσα,ι
253 3532 339 3602 dlii
361 3529 419 3597 dud
441 3528 499 3596 τόν
520 3523 732 3607 ὑποτάξαντα
754 3529 916 3614 (Mundus
938 3555 1030 3598 se-
1044 3534 1197 3622 sssbjecit,

93 3640 151 3688 non
163 3623 284 3703 uolens,
304 3619 362 3684 sed
376 3617 495 3698 nolens,
513 3617 589 3766 uuis
607 3613 681 3680 Deo
698 3615 754 3702 qui
771 3617 913 3706 subjecit
930 3620 976 3682 ita
992 3621 1098 3685 risum
1115 3625 1197 3708 est),
1249 3697 1253 3704 ¹
1358 3633 1362 3642 '

94 3708 295 3788 absolvitur,
336 3701 493 3769 voeabula
537 3695 569 3764 π’
587 3695 703 3765 ἐλπίδι
729 3701 814 3766 nihil
838 3703 880 3766 ad
908 3704 1000 3768 illam
1026 3707 1197 3792 pertinent

94 3793 255 3880 (Mundus
271 3813 305 3856 se
318 3786 516 3852 -snbmisit
528 3805 590 3851 non
603 3787 684 3872 quod
697 3786 709 3849 i
713 3807 784 3870 nse
799 3787 906 3868 volarit,
921 3791 977 3852 sed
989 3791 1072 3875 quood
1083 3791 1196 3858 Dens

113 3879 144 3944 ni
167 3901 240 3961 spe
265 3875 409 3982 aliqud
432 3870 652 3954 propositcl
674 3869 713 3950 (l)
733 3871 874 3954 sasiy'esit
897 3871 1020 3960 uoluit.)
1062 3875 1197 3944 Deinde
1276 3909 1279 3925 ν

93 3901 319 4046 ilundummiv
332 3951 552 4042 απονάλυψιν
563 3955 630 4018 τῶν
642 3949 722 4020 υἱῶν
736 3955 797 4020 τοῦ
809 3955 974 4044 deoijure
987 3960 1110 4026 summi
1120 3984 1199 4026 oon·
1250 3989 1254 4000 ·

94 4049 217 4114 stantia
243 4052 433 4132 exspectare
447 4042 481 4110 ln.
497 4061 526 4113 e.
540 4040 656 4125 utique
672 4041 780 4104 Deum
795 4037 828 4104 ἒν
843 4041 884 4128 τῆ
898 4035 1118 4128 denualdum
1132 4048 1199 4112 sein

94 4129 169 4199 uiuis
183 4132 248 4198 τοῦ
259 4125 516 4197 θεοὺΜιιιιὺιιπι
536 4133 767 4190 renovaturum
789 4145 862 4198 esse
877 4147 908 4194 v.
925 4127 977 4196 19.
992 4129 1037 4194 ita
1053 4139 1198 4198 tanturn-
1304 4179 1307 4184 -

94 4217 187 4284 modu
209 4219 282 4306 Ap.
302 4211 466 4294 ostendit,
488 4210 518 4277 si
538 4208 695 4275 Mundum
715 4209 783 4275 Dei
803 4211 944 4299 imperio
964 4215 1198 4300 morigeratum

95 4302 292 4387 Infirmitoti
303 4299 337 4365 so
351 4296 535 4364 submisisse
555 4317 572 4362 s
577 4316 623 4382 pe
638 4295 660 4359 d
666 4296 727 4362 ivi
733 4297 846 4362 nitns
864 4296 1012 4384 objecti,
1035 4301 1198 4368 redemtum
1254 4307 1256 4314 ’

96 4389 187 4462 desen
207 4383 388 4474 majestate
406 4381 474 4452 Dea·
488 4380 570 4466 liliis
589 4379 671 4448 aoso
690 4381 753 4449 sibi
771 4380 931 4532 redcsstsgm
951 4384 996 4492 iri
1017 4407 1048 4457 r.
1067 4387 1122 4454 20.
1142 4388 1198 4472 21.
