2876 5056
68 2309 548 2391 = fflmfflmi

194 259 197 264 .
369 259 457 294 ..
996 253 1001 258 .
1122 297 1126 302 .

187 355 279 432 'reo
423 325 1105 470 urrsrone'nnnomeuos

152 524 156 594 i
215 518 323 611 majus
343 521 516 606 gentilium
535 525 777 602 ornamentum,
804 539 901 608 quam
917 515 1006 608 qnod
1021 518 1179 588 vocabulo
1193 518 1318 584 καταλ-

214 604 299 692 λρρή
312 608 521 672 enunciotum
536 617 606 688 eet,
625 606 811 672 declaretur
825 627 846 671 o
871 612 971 675 ortet.
1017 606 1069 671 At
1094 605 1129 670 ni
1140 605 1229 671 vitae
1244 605 1320 694 pie-

96 719 100 728 ·
214 699 267 756 tae
288 693 555 758 reconciliatione
578 693 777 760 continetur.
866 713 948 778 eque
967 691 1053 755 enim
1128 691 1321 757 oreccnci·

113 801 118 813 ¹
212 776 319 859 liatue
338 786 407 860 est,
434 777 500 842 niei
514 777 570 878 qui
585 777 804 862 intepritctcm
818 775 959 864 adeptue
973 775 1096 858 luerit,
1127 797 1225 862 qnam
1243 776 1330 841 eine·

151 937 155 942 ¹
216 862 345 928 sincera
366 871 400 928 et
419 862 555 950 pietaten
574 863 671 950 pleni
692 861 756 925 fide
777 862 934 949 consequi
948 882 1043 926 nemo
1056 868 1167 950 potest
1182 866 1231 947 (r.
1246 867 1320 930 not.

215 947 258 1012 ad
273 951 371 1029 1,17.
392 947 425 1030 5,
437 949 470 1014 9.
486 947 567 1027 lit).
610 947 750 1012 Frustra
766 945 916 1014 Calvinae
929 945 1061 1034 objicit,
1083 946 1219 1032 gravius
1235 968 1319 1013 ean-

215 1031 289 1098 dem
309 1055 380 1100 rem
401 1031 511 1100 verbis
534 1022 601 1114 ζωῆ
616 1029 653 1096 ἐν
667 1033 807 1118 νεκρῶν,
836 1053 932 1120 quam
948 1031 1107 1098 vocabulo
1124 1031 1320 1118 καταλλαγῇ
1423 1063 1424 1098 r

216 1118 370 1268 exprimi.
419 1115 505 1184 Nam
518 1117 674 1224 'gradatio
686 1129 796 1217 rerunt
809 1113 1035 1186 diversitatem
1052 1117 1088 1186 h.
1099 1118 1126 1185 l.
1137 1117 1320 1218 pomplecti
1423 1133 1424 1178 ῑ

282 1212 316 1269 et
328 1206 376 1289 (v.
387 1221 419 1272 v.
435 1203 516 1288 12).
559 1200 636 1266 Huc
651 1200 795 1282 accedit,
818 1200 1120 1289 quodJudaeorum
1134 1223 1169 1266 m
1184 1201 1254 1267 Der
1268 1202 1320 1266 fa·
1423 1227 1424 1238 ¹

191 1349 195 1360 ,
215 1201 326 1354 ddrom
342 1289 487 1376 receptio
502 1285 647 1374 gentiles
659 1285 702 1350 ad
715 1287 870 1373 pietatem
884 1288 1048 1366 adducere
1064 1287 1190 1374 nequit,
1213 1307 1321 1373 quan-

215 1373 390 1460 doquidem
404 1373 499 1461 prius
511 1373 654 1456 gentiles
668 1393 765 1458 quarn
780 1370 902 1441 Iudaei
914 1373 1070 1460 pietatem
1084 1373 1193 1438 colent
1205 1393 1320 1438 exem-

215 1459 340 1548 ploque
352 1457 404 1523 illi
420 1458 492 1539 hie,
514 1477 578 1522 ncn
596 1456 630 1521 lri
644 1458 715 1522 illie
728 1463 826 1522 erunt
837 1463 885 1545 (v.
896 1458 952 1529 25.
966 1459 1050 1542 25.).
1101 1455 1197 1522 Vitio
1218 1479 1320 1524 auxe-

215 1552 297 1609 runt
317 1543 440 1609 tloioioi
460 1541 728 1630 explicationem,
757 1543 815 1630 qui
833 1539 971 1629 (Bene,
991 1543 1069 1613 Olor.
1084 1544 1141 1611 Fr.
1156 1541 1320 1626 Schmid„
1424 1546 1425 1570 ¹

214 1627 365 1711 Baetem.)
380 1629 464 1694 hunc
476 1629 502 1696 l.
517 1628 566 1692 sic
578 1636 818 1715 exposuerunt:
844 1663 887 1678 -··
899 1627 1055 1716 quidnam
1068 1625 1271 1696 Iudaeorum
1284 1628 1319 1694 in

215 1713 284 1780 Dei
304 1712 444 1802 gratiam
466 1713 612 1801 receptio
630 1711 785 1778 effectura
803 1721 873 1795 cet,
899 1714 965 1778 nini
981 1720 1019 1778 ut
1031 1720 1137 1780 totum
1144 1733 1247 1798 prom
1259 1713 1319 1780 du-
1424 1793 1425 1796 Ἴ

78 1819 82 1828 ’
216 1817 351 1863 monum
368 1819 408 1864 ex
428 1796 599 1887 impietate
619 1798 795 1866 reviviscat
813 1806 848 1864 et
867 1799 956 1887 piam
969 1799 1070 1866 vitam
1082 1791 1195 1866 vivat?
1238 1795 1319 1865 Non

215 1889 319 1950 interm
330 1903 429 1969 pennu
442 1883 616 1948 homanum
632 1882 665 1951 lr.
677 1885 703 1950 l.
713 1883 918 1969 pentiliduec
943 1884 1097 1971 ponitur,
1124 1879 1184 1948 eed
1205 1881 1320 1970 majac

217 1968 337 2060 decus,
359 1967 529 2070 qucdssap)
544 1965 718 2066 dxnreupo'm
732 1969 904 2070 paganica
934 1979 1065 2070 uturum
1081 1967 1145 2068 eit,
1159 1989 1178 2032 a
1193 1967 1319 2070 minore

216 2064 409 2118 ornamento
430 2052 662 2136 distinguntur,
690 2073 785 2158 coppe
804 2054 932 2142 copiam
952 2055 996 2119 rie
1017 2053 1246 2118 reconciliatio
1269 2054 1319 2118 le-

218 2242 391 2309 quamnam
412 2225 476 2288 vim
489 2221 690 2292 Iudaeorum
709 2224 744 2290 in
762 2224 828 2289 Dei
846 2225 991 2290 favorem
1008 2225 1154 2311 receptio
1168 2223 1318 2306 habebit,

551 2331 579 2372 m
607 2309 707 2373 ietate
735 2309 934 2378 reviviscant
953 2315 988 2376 ct
1008 2308 1064 2398 pie
1084 2303 1222 2377 vivant?
1274 2306 1319 2376 In

184 2388 187 2408 ¹
216 2402 348 2485 proruto
375 2401 428 2458 eet
452 2393 538 2458 enim
562 2331 762 2461 Iddaecrum
788 2396 823 2461 in
846 2395 914 2462 Dei
934 2397 1076 2480 gretiam
1094 2395 1318 2483 receptionem

213 2477 386 2562 perutiliter
400 2478 514 2546 utilem
529 2479 602 2544 iore
617 2477 721 2549 Panlo
736 2481 790 2546 lrlc
804 2479 1093 2548 demonstrandum
1108 2501 1196 2549 enac.
1234 2478 1317 2546 Per-

181 2621 186 2628 .
216 2564 314 2629 molti
331 2560 416 2648 ζωὴν
430 2561 465 2630 ἐκ
479 2568 599 2652 νεκρῶν
610 2587 768 2634 rumenam
783 2566 978 2654 felicitatem
993 2566 1151 2633 denotare
1166 2564 1318 2632 credide-

73 2141 76 2148 '
216 2138 312 2208 cerit.
367 2137 484 2206 Alium
514 2158 659 2203 errorem
687 2137 805 2207 chm.
832 2139 955 2230 adjecit
980 2138 1029 2204 eic
1058 2138 1318 2226 interpretatae:
1425 2173 1426 2208 1

203 2655 295 2714 ‘rrrnt
316 2647 459 2716 diversis
478 2649 632 2716 lormulie
655 2651 708 2716 usi
731 2650 984 2736 Tlecplrylcctru
1005 2651 1065 2736 (al.
1088 2651 1255 2736 Flentium)
1276 2687 1319 2701 -
1426 2663 1427 2712 l

209 2731 285 2821 ,ζωὴ
301 2731 364 2819 γὰρ
381 2729 417 2800 ἐν
432 2737 555 2819 νεκρῶν
571 2733 649 2802 τότε
669 2731 780 2813 ἔσται,
807 2736 960 2803 τουτέστι
981 2735 1143 2824 ἄπειρα
1166 2730 1318 2822 ἀγαθά.

214 2819 329 2890 Bezc:
356 2820 555 2886 cumulatum
574 2821 685 2888 mundi
703 2821 853 2908 (generis
874 2820 1025 2902 humani,
1051 2821 1111 2891 cic.
1138 2821 1182 2888 cl.
1197 2824 1319 2910 cupra)

212 2903 378 2990 pecudium.
442 2905 549 2974 Gran:
583 2927 743 2972 commum
750 2907 929 3078 'caudium
992 2904 1119 2989 chp„
1152 2901 1318 2990 lloeeom,

164 3033 168 3043 ·
214 2987 353 3069 Reiecit„
375 2987 505 3057 Koelln.
520 2991 584 3058 cl:
610 3009 736 3057 ramma
764 2990 907 3070 elicitae.
950 2987 1037 3056 Sunt
1057 2990 1092 3055 hi
1111 2989 1241 3076 aliquid
1262 3013 1318 3057 eo-

115 3123 121 3136 .
176 3089 179 3110 ¹
214 3072 323 3160 qunti.
366 3071 454 3138 Nam
477 3076 629 3160 quoniam
651 3076 772 3142 minero
795 3076 862 3141 vita
884 3094 976 3140 more
993 3074 1109 3164 potins
1128 3095 1227 3166 quem
1245 3076 1318 3144 vita

213 3175 320 3244 neque
341 3158 408 3225 nisi
427 3158 523 3225 beata
543 3161 609 3228 vita
633 3159 720 3225 vitae
742 3161 874 3226 nomine
893 3160 993 3244 digna
1012 3159 1200 3226 dominibus
1215 3161 1318 3246 vulgo

213 3243 361 3324 ridetur,
396 3251 465 3308 tum
487 3266 525 3310 ee
543 3247 654 3311 virere
675 3244 806 3325 dicunt,
840 3266 947 3333 quum·
962 3239 1078 3311 beatos
1103 3267 1140 3312 ae
1165 3246 1319 3312 sentiunt

213 3335 349 3414 tumque
371 3349 411 3392 ex
431 3347 510 3393 orco
530 3331 631 3395 vitam
653 3351 690 3395 so
711 3330 877 3482 recepisse
891 3330 1116 3414 contendunt,
1151 3352 1252 3416 quum
1275 3353 1319 3398 ex

214 3412 333 3496 magni
352 3415 508 3479 aerumm'i
529 3425 745 3484 emerserunt.
816 3416 840 3485 f.
855 3419 873 3479 l
887 3415 1010 3481 Theca.
1025 3415 1058 3497 3,
1072 3416 1106 3482 8.
1144 3414 1221 3484 Liv.
1234 3418 1268 3497 9,
1280 3418 1318 3486 6.

214 3496 325 3582 Quum
349 3517 367 3560 e
388 3497 684 3564 saltuevaeiseent
706 3501 771 3565 etsi
792 3499 879 3566 velut
895 3499 938 3578 od
955 3499 1071 3588 inferia
1084 3501 1230 3566 extracti
1244 3509 1317 3567 tum

212 3583 355 3668 primum
376 3569 478 3646 liccem
497 3585 663 3668 adspicere
683 3585 746 3650 viai
767 3592 862 3666 eunt,
890 3590 999 3650 tamen
1023 3585 1097 3671 ipsa
1118 3586 1175 3650 lux
1192 3586 1242 3650 ita
1256 3587 1330 3652 dc·-

96 3667 103 3678 '
211 3669 317 3732 forme
333 3666 537 3732 intuentihus
552 3691 668 3754 agmen
685 3670 774 3735 omni
786 3675 892 3734 morte
907 3670 1037 3735 tristior
1052 3669 1128 3738 luit.
1172 3669 1315 3740 Terent.

211 3751 297 3822 Hac.
312 3750 389 3832 Μ,
405 3753 455 3820 12.
494 3743 839 3843 Pamphilue:'llgon'
855 3759 905 3837 tc,
927 3754 981 3856 qui
999 3754 1041 3820 ab
1060 3775 1133 3821 orco
1151 3763 1316 3822 momorum

211 3860 263 3924 me
283 3837 430 3902 redemem
449 3837 483 3902 in
504 3839 606 3904 lucem
624 3838 758 3928 fecerit,
786 3839 892 3904 sinam
911 3860 984 3905 erne
1001 3841 1167 3905 munerea
1184 3861 1236 3906 me
1255 3841 1314 3904 ab·

210 3915 288 3989 ire?
310 3921 367 3986 ahl
390 3923 524 3988 nimium
541 3947 591 4013 me
607 3925 772 4008 ingratum
788 3933 899 4010 putas.
944 3923 1031 3990 Tum
1049 3923 1233 4008 Parmeno,
1255 3926 1315 4012 qui

209 4005 403 4095 imprudens
423 4009 504 4073 hero
526 4009 698 4096 profuerat
719 4013 767 4093 (r.
782 4009 869 4098 40.),
903 4013 1034 4091 Egone,
1068 4010 1179 4096 inquit
1200 4033 1231 4080 v.
1246 4011 1315 4092 35,

67 4091 73 4104 ⁸
142 4103 144 4118 ¹
211 4093 298 4162 hunc
320 4092 361 4154 ab
383 4099 460 4158 orco
483 4087 671 4160 mortuum?
702 4087 904 4182 qucpacto?
947 4093 1314 4183 RespondetPamphi-

142 4194 147 4206 “
211 4177 282 4244 lus:
317 4175 456 4258 Nescis,
479 4175 660 4257 Parmeno,
688 4191 844 4268 quantum
867 4178 964 4244 hodie
986 4180 1155 4268 prolueris
1176 4180 1259 4262 mihi
1278 4189 1314 4245 et

211 4281 263 4326 me
282 4283 326 4324 τε
344 4269 467 4348 {percocti
488 4269 644 4328 ncommod
666 4263 868 4331 mirareris.
915 4260 993 4328 Huic
1007 4271 1076 4328 tum
1090 4263 1175 4329 illud
1192 4267 1313 4330 Alexi-

194 4345 264 4411 -dis
280 4347 367 4410 refer
383 4347 462 4428 ζῶσι
479 4343 508 4411 d'
525 4337 575 4426 οἷς
591 4345 679 4414 ἔστιν
694 4347 865 4430 (liocpturn
879 4349 1036 4426 nonnulla
1050 4350 1087 4431 l.,
1103 4351 1312 4438 qucrealieuo
