2842 5060
93 2002 97 2010 ’
208 2005 272 2098 qua
293 2014 328 2073 et
349 2006 492 2070 animum
513 2004 731 2090 contaminari
749 2018 870 2107 pecean

163 439 164 444 κ
212 394 257 462 oa
392 339 710 464 'nrls'rosn
734 387 1106 468 annonarios

214 541 336 622 rationi
350 553 431 640 ciet,
452 563 521 622 tum
535 555 653 642 fragile
666 573 786 645 corpus
801 539 990 623 moderatur
1009 569 1042 625 et
1061 567 1139 650 post
1163 513 1309 647 mortem,

39 683 50 698 ι
215 642 280 732 quei
293 661 414 731 corpus
433 641 648 723 dissolvitur,
675 650 824 708 remanet
842 645 889 791 p.
904 639 1002 708 Plato
1023 641 1064 711 dc
1083 641 1155 736 rep.
1169 646 1310 733 lv,439

168 789 170 794 ,
214 729 359 810 -441.‚
389 724 456 809 lx,
470 729 547 798 571.
562 749 614 814 sq.
643 725 714 794 Cio.
729 725 833 794 Tuae.
869 775 879 807 ,
894 729 946 809 10,
959 728 1015 796 20.
1035 727 1087 814 ll,
1100 733 1155 815 21,
1168 733 1224 802 47.
1245 735 1310 818 Ν,

212 811 341 900 ⁵‚1⁰,·)·
384 810 472 878 Huic
501 811 630 878 meliori
656 811 799 876 hominis
823 812 913 899 parti
939 809 1135 882 deteriorem
1159 821 1311 910 opposuit

144 937 146 943 ·
170 909 172 914 ⁴
212 898 237 969 i.
252 920 282 964 c.
297 917 429 981 corpor,
451 897 538 984 quod
551 896 610 984 τὴν
624 893 687 972 ἔξω
708 889 893 982 ἀνθρώπου
913 894 1007 986 surda
1028 898 1168 985 (Plotio.
1183 904 1216 986 3,
1231 907 1312 988 liu),

210 981 268 1049 τὸν
282 976 346 1060 ἔξω
360 972 543 1065 ἄνθρωπον
554 989 588 1048 et
601 981 768 1046 similibus
780 982 939 1047 formulis
948 987 1075 1051 notavit
1089 991 1136 1073 (v.
1153 987 1263 1057 Wetsl.
1276 999 1310 1056 et
1375 1050 1378 1061 ,

161 1129 165 1148 Α
211 1069 361 1150 Cortum).
427 1067 550 1134 Eadem
578 1065 806 1132 Paullinarum
836 1087 950 1165 vocum
988 1059 1008 1132 ὅ
1036 1069 1103 1136 ἔσω
1129 1064 1310 1156 ἅνθρωπος

181 1210 183 1214 .
212 1158 247 1240 (l
256 1152 350 1221 Petr.
364 1150 396 1231 3,
410 1151 445 1222 4.
460 1149 478 1216 ὃ
492 1150 639 1240 κρυπτὸς
650 1154 710 1234 τῆς
723 1149 864 1240 καρδίας
876 1142 1060 1239 ἅνθρωπος
1072 1155 1127 1244 qrri
1137 1158 1170 1222 in
1183 1166 1311 1243 pectore

211 1242 294 1308 lutet
312 1237 418 1321 tomo)
439 1229 511 1303 eti>
535 1234 598 1314 ἔξω
621 1227 804 1322 ἅνθρωπος
830 1235 1005 1323 acone,
1020 1241 1073 1309 16.
1094 1241 1180 1328 Eph.
1197 1242 1311 1332 3,·16.)

209 1327 261 1392 ris
275 1344 312 1387 ac
326 1322 417 1390 notio
433 1323 496 1390 est.
540 1320 606 1387 Illa
621 1321 896 1409 praestantiorem
916 1323 1058 1389 hominis
1081 1327 1207 1414 parteni
1233 1329 1266 1397 lr.
1280 1352 1312 1396 e.

209 1410 368 1478 rationem
384 1415 417 1474 et
431 1403 675 1485 comedentium,
696 1407 776 1472 haec
795 1405 993 1473 deteriorem
1008 1407 1081 1498 ejus
1098 1417 1227 1500 partem
1240 1414 1264 1482 i.
1280 1435 1311 1482 c.

209 1482 1311 1664 uertere,tt'alliudtardaretur

232 1629 242 1649 ο
299 1629 309 1649 ο
416 1625 426 1646 ⁸
807 1621 815 1642 t
853 1625 863 1659 5
922 1624 932 1644 0
1177 1631 1187 1651 ο
1225 1633 1234 1651 ι
1295 1622 1311 1636 “

209 1667 327 1734 tionem
340 1670 375 1730 et
389 1663 612 1730 conscientiam
625 1683 700 1749 pers
726 1661 833 1748 icuum
849 1669 901 1727 est
914 1663 961 1748 (v.
978 1661 1182 1750 Theodorei„
1209 1669 1309 1734 Tlreo-

206 1752 313 1839 prpe„
329 1750 434 1834 Oea).
466 1745 543 1814 Non
558 1747 690 1833 negarit
701 1684 743 1817 ἲ).
757 1768 856 1834 quum
872 1757 930 1813 eas
944 1754 1058 1835 partes
1068 1748 1132 1814 tibi
1144 1751 1311 1846 imperare

208 1834 346 1918 siveris,
370 1855 455 1921 quas
468 1833 589 1899 rationi
603 1831 737 1898 obedire
754 1852 817 1922 par
835 1832 898 1914 sit,
925 1843 960 1899 et
979 1834 1135 1902 tenebras
1149 1840 1257 1905 menti
1278 1846 1313 1905 et

208 1921 329 1988 callum
344 1922 453 1986 animo
466 1917 583 1984 obduci
597 1917 712 2006 (Rom.
726 1920 757 2000 l,
771 1919 827 1989 22.
847 1917 935 2068 Epir.
951 1919 984 2000 4,
1001 1920 1054 1988 1⁷.
1069 1923 1138 2007 sq.)
1151 1931 1312 1992 mentem.

897 2001 1023 2088 ot'l'it.
1038 2007 1164 2092 1,15.).
1217 2008 1312 2079 Illud

206 2093 358 2180 negarit,
378 2091 654 2181 praestantiorem
670 2089 813 2155 lrommrs
828 2096 955 2177 partem
970 2088 1016 2154 ita
1031 2088 1253 2178 degenerare,
1272 2104 1312 2161 ut

174 2250 178 2260 ,
206 2180 277 2248 veri
291 2177 487 2264 honestique
500 2176 555 2241 vel
568 2195 702 2241 sensum
717 2180 816 2239 exuat
829 2174 882 2239 vel
895 2172 1041 2244 studium
1056 2175 1213 2266 deponat.
1238 2181 1312 2247 Ar-

206 2270 361 2350 gumento
375 2269 428 2328 est
440 2261 493 2326 lric
508 2260 554 2340 1.‚
579 2259 636 2324 ubi
650 2260 707 2345 qui
719 2260 871 2347 loquitur
885 2257 1032 2328 Iudaeus
1047 2281 1110 2326 non
1127 2271 1266 2332 renatus
1280 2273 1314 2332 et

43 2361 46 2368 '
62 2347 86 2426 ²,
205 2344 471 2416 extraordinario
484 2343 551 2410 Dei
565 2344 720 2410 instituto
733 2342 821 2432 quod
834 2342 930 2409 lrorno
944 2351 1008 2409 noir
1030 2346 1140 2434 capiat
1153 2340 1315 2417 Peccatui

205 2434 430 2522 emancipatus
460 2450 656 2518 quamquam
682 2429 832 2519 corporis
856 2430 984 2495 facibus
1003 2429 1226 2502 inflammatus
1251 2435 1313 2503 ho-

120 2527 125 2532 “
205 2527 300 2598 nesta
314 2517 473 2604 perficere
487 2520 796 2604 nonpotesttamen
819 2515 928 2581 officio
941 2514 1143 2598 ¹satisfacere
1165 2520 1256 2605 cupit
1278 2527 1314 2588 et

203 2607 295 2670 intus
311 2603 377 2669 Dei
389 2603 464 2688 lege
478 2599 673 2666 delectatur.
715 2599 829 2686 Quare
844 2621 863 2665 a
879 2597 922 2668 Ρ.
935 2609 1044 2666 mente
1064 2624 1178 2668 eorum
1195 2604 1313 2693 opinio
1396 2623 1397 2628 ’

204 2712 344 2780 prorsus
366 2689 542 2769 abhorret,
576 2687 635 2774 qui
660 2686 823 2752 hominem
839 2705 917 2770 ,non
937 2694 1088 2752 renatum
1109 2709 1175 2754 non
1200 2691 1313 2758 solum

204 2789 321 2841 trunco
340 2779 398 2840 aut
415 2771 521 2860 lapidi
541 2781 599 2839 aut
616 2777 747 2860 statuae
768 2770 839 2836 vitei
859 2768 1057 2854 destitutae,
1092 2794 1177 2860 quae
1199 2797 1310 2864 neque

205 2862 394 2940 catulorum,
420 2879 526 2945 neque
540 2855 609 2921 oris
624 2879 730 2946 neque
743 2857 893 2934 ullorum¹
904 2867 1059 2936 sensuum
1073 2879 1170 2924 usum
1187 2860 1315 2929 haheat.

205 2946 410 3026 assimilant,
429 2943 656 3011 verumetiam
670 2941 973 3032 deteriorem-,curn
990 2947 1107 3031 trunco
1132 2966 1209 3012 esse
1232 2969 1311 3020 con-

204 3030 362 3107 tendunt,
397 3029 475 3118 quia
497 3035 634 3094 truncus
655 3028 726 3094 eia
749 3049 814 3115 quo
836 3018 1007 3110 m’ovea'tur
1024 3049 1090 3093 non
1112 3030 1310 3118 reluctetur,

205 3120 302 3183 homo
330 3137 396 3180 non
422 3122 561 3180 renatus
581 3111 650 3178 Dei
665 3104 839 3200 'volunta'ti
853 3118 1029 3201 repugnet
1052 3111 1184 3200 (Form.
1207 3115 1311 3187 (lonc.

220 3203 318 3266 2662.
333 3199 410 3266 672.
424 3205 507 3285 sep).
549 3195 756 3284 Quamquam
771 3218 830 3286 per
841 3198 881 3261 ¹sc
897 3197 1058 3262 credibile
1073 3207 1142 3282 est,
1164 3197 1311 3274 Paulum

203 3225 348 3362 dominis
369 3303 433 3348 non
453 3281 561 3347 renati
579 3281 737 3348 rationem
759 3288 792 3345 ct
812 3281 1131 3368 merciensium-trev
1152 3279 1224 3352 ἔσω
1248 3288 1312 3354 dr-

204 3369 362 3458 θρωπον)
382 3368 615 3434 intaminatam
627 3355 669 3432 'et
688 3368 723 3431 ia
740 3364 905 3432 honestum
926 3387 1051 3432 versam
1070 3369 1181 3436 animo
1201 3372 1311 3440 inlor-

204 3477 325 3522 masse.
365 3449 454 3518 Nam
468 3459 676 3541 peccatorum
691 3449 884 3534 illecebras,
906 3450 1182 3539 quemadmodum
1195 3453 1311 3543 Plato,

116 3610 119 3625 1
204 3564 224 3606 a
245 3559 381 3629 corpore
401 3537 539 3627 repetiit
561 3540 608 3624 (r.
625 3544 695 3604 not.
713 3533 759 3602 ud
770 3538 802 3619 6,
815 3538 866 3620 6.)
883 3543 918 3602 et
937 3542 1008 3602 tres
1031 3537 1175 3608 hominis
1194 3553 1313 3632 partes

204 3625 359 3692 distinxit
377 3619 532 3689 Platonis
550 3620 805 3710 descriptionem
827 3627 989 3710 sequutus
1016 3625 1035 3688 1
1052 3622 1179 3696 Tlress.
1190 3629 1227 3715 6,
1240 3631 1309 3715 23,

203 3710 242 3778 τὸ
262 3709 409 3792 πνεῦμα,
446 3707 555 3810 animi·
570 3711 698 3808 partem
721 3705 859 3774 rationis
874 3707 1088 3814 participem,
1113 3707 1174 3798 τὴν
1193 3716 1310 3804 ψυχήν

202 3804 465 3962 tlttlllll,
480 3798 936 3962 tttt'ttttt‘ttlt
958 3801 1309 3974 tlttrdtltlls

203 3966 277 4055 (τὴν
290 3960 414 4052 σάρκα)
426 3972 460 4028 et
472 3959 671 4048 mentemted
686 3962 831 4045 πνεῦμα)
840 3897 1033 4065 popuidrem
1049 3964 1214 4034 rationem
1229 3972 1309 4036 inri-
1374 4045 1376 4050 ,

203 4061 294 4118 tatus
311 4051 490 4135 primarios
511 4048 654 4113 hominis
672 4054 786 4136 partes
809 4047 990 4114 nominarit
1008 4054 1043 4113 et
1061 4047 1101 4115 cd
1126 4044 1309 4142 ἀλόγιστον
1370 4131 1373 4138 ,

178 4183 180 4189 ·
201 4139 261 4223 τῆς
273 4136 383 4222 ψυχῆς
397 4135 518 4223 quippe
531 4135 655 4199 arctius
670 4153 743 4199 oum
759 4151 898 4220 corpore
915 4152 1051 4218 nexum,
1072 4155 1171 4222 quum
1188 4137 1230 4206 τὸ
1242 4145 1310 4207 do·
1337 4210 1339 4218 ,

201 4219 337 4304 posrdig
352 4223 386 4286 in
403 4231 555 4308 pectore,
582 4217 621 4285 τὸ
640 4213 884 4303 ἐπιθυμητικόν
902 4218 1017 4284 subter
1036 4221 1233 4308 praecordia
1254 4227 1309 4293 lo-

203 4315 353 4391 caretur,
387 4325 560 4371 numerarc
580 4304 768 4394 supersedit
797 4305 832 4385 (l
849 4301 928 4374 (lor.
941 4306 976 4385 7,
988 4304 1044 4374 34.
1066 4303 1180 4378 2cor.
1194 4311 1231 4394 7,
1243 4314 1308 4398 L).
1323 4343 1326 4350 ·

148 4412 152 4422 '
203 4391 356 4460 Ceterum
371 4389 606 4482 Ap.apirt'tum
617 4391 682 4460 diu.
695 4391 743 4478 τῷ
757 4381 825 4454 ἔσω
848 4384 1021 4478 ἀνθρώπῳ
1042 4408 1074 4481 s.¹
1088 4393 1143 4484 τῷ
1162 4393 1222 4461 νοΐ
1239 4397 1308 4485 (τῷ
1362 4441 1365 4450 ,
