2814 5056
304 323 428 413 cnr.
451 336 578 408 verr.
619 313 773 408 vene.
795 339 850 410 cc.
872 344 907 406 a
926 305 994 414 οι..
1142 339 1208 410 εον

104 498 195 568 siliis
216 501 367 568 eventum
387 494 590 588 respondero
611 493 761 575 dehere,
777 493 909 560 etiamsi
922 493 1065 562 &tenne
1078 495 1224 564 secant,

105 594 174 667 tes,
196 608 262 652 non
284 585 380 651 modo
400 584 567 662 homines,
595 580 639 645 iis
654 582 857 646 reluctentur
872 601 934 671 nun
950 574 1127 668 possumus
1141 603 1209 649 non

100 672 263 760 judicare.
312 671 365 736 lta
380 667 530 736 homines
543 666 697 754 libertate
711 665 898 753 spoliantur
917 675 952 732 ot
965 667 1053 734 beuti
1067 667 1210 733 evadunt

104 779 189 846 quos
217 757 312 822 Deus
335 756 417 822 bene
440 753 546 821 voluit
568 751 645 838 quia
666 751 740 816 Dec
759 751 806 816 tta
829 749 933 816 risum
963 760 1031 833 est,
1052 773 1128 820 ‘nou
1151 751 1211 838 qui

105 865 220 910 omnes
241 863 359 908 nervos
378 839 572 916 intendunt,
600 843 637 900 ut
656 834 753 902 tidem
777 834 927 901 hahendo
948 850 982 901 et
1002 839 1056 926 pie
1071 835 1211 904 vivendo

105 929 199 1014 digni
221 926 446 1016 reperiantur,
477 923 535 1010 qui
552 922 703 989 mentun.
745 920 876 986 Deinde
889 941 948 1003 ec,
967 924 1054 1009 quod
1069 922 1212 989 nomini·

106 1017 180 1097 hus,
201 1011 476 1102 quosDeusolim
492 1009 624 1074 decreto
632 1006 821 1094 complexus
835 1007 938 1072 luerit
949 998 1212 1094 (οῧςπροέγνὼ),

106 1102 216 1166 Deum
225 1101 376 1185 impense
389 1096 501 1160 favere
514 1090 555 1162 P.
571 1089 724 1180 scripsit,
746 1091 961 1158 nohisenrum
979 1093 1213 1178 cogitationem

106 1185 272 1251 nominum
295 1181 414 1263 movit,
440 1181 479 1245 dc
498 1177 610 1266 quibua
627 1176 753 1243 nullum
764 1176 857 1242 Deus
873 1178 1035 1247 decrctrsm
1048 1187 1147 1245 antea
1159 1175 1213 1265 fe-

107 1271 200 1337 cerit.
244 1267 310 1334 llis
325 1272 432 1332 autem
449 1262 560 1329 aditus
575 1269 645 1327 tum
660 1259 701 1326 ud
716 1260 874 1348 pietatem
890 1262 1044 1350 vitaeque
1057 1264 1218 1330 honeste-.

106 1363 250 1420 temtum
265 1352 306 1417 ad
322 1347 667 1437 vitamsompiternam
682 1347 885 1415 interclusus
898 1355 962 1417 est.
1006 1346 1092 1414 Nam
1107 1347 1214 1414 omni·
1331 1418 1336 1434 ,

105 1437 326 1530 putentisllei
340 1429 477 1502 consiliu
493 1441 609 1498 eventu
623 1430 764 1498 destitui
777 1441 955 1582 nepueunt.
988 1432 1035 1498 Er
1059 1456 1103 1518 o,
1113 1454 1214 1520 quum

105 1534 241 1590 aeterna
263 1523 405 1588 beatitas
427 1517 492 1603 fide
510 1524 738 1605 comparetur,
767 1536 807 1580 ne
850 1517 1020 1600 omines,¹
1047 1541 1065 1584 o
1092 1518 1215 1606 quibus

25 1641 29 1650 ¹
107 1611 235 1676 nullum
257 1610 446 1674 factumest
459 1604 525 1670 Dei
540 1602 727 1682 decretum,
749 1601 887 1668 beentur
899 1603 1073 1670 cohibendi
1093 1603 1216 1671 divini·

106 1704 162 1761 tus
183 1703 280 1776 sunt,
314 1691 490 1780 quominus
515 1689 612 1754 fidam
633 1686 799 1754 urentibus
813 1688 1018 1775 concipiunt,
1045 1699 1159 1756 contra
1176 1689 1215 1772 ii,
1319 1703 1330 1718 ⁸

106 1782 148 1848 ad
170 1803 255 1868 quos
279 1791 354 1844 ante
369 1784 500 1865 capium
513 1773 581 1840 Dei
599 1773 773 1838 eonsilium
818 1773 950 1853 ertinet,
971 1775 1012 1840 ad
1027 1774 1122 1840 tidem
1136 1795 1216 1863 por·

104 1866 272 1956 pellendi,
300 1872 337 1928 nt
351 1871 384 1928 et
397 1861 547 1926 homines
562 1858 612 1947 pii
630 1856 771 1922 evadant
828 1856 925 1944 cique
944 1866 1094 1924 amantes
1107 1869 1141 1924 et
1155 1879 1216 1946 per

106 1955 265 2042 pietatem
289 1949 387 2015 boati.
439 1943 515 2012 Non
536 1945 671 2032 capiunt
696 1939 792 2009 Pauli
812 1944 913 2009 simul
928 1945 1035 2010 omnia
1050 1945 1092 2010 ad
1105 1946 1216 2011 Deum
1258 2013 1261 2025 ,

106 2037 313 2115 revocantis,
341 2032 441 2100 simul
462 2031 628 2096 hominum
650 2028 839 2093 libertatem
858 2029 1129 2116 defendentum.
1144 2039 1215 2099 not.

107 2123 148 2188 ed
159 2145 188 2188 v.
200 2121 272 2204 28.)
289 2113 1216 2206 disciplinamnostraementisangustiaenequeunquam

105 2208 250 2274 exsistet
258 2206 348 2272 tantei
359 2198 780 2301 sauhtilitatephiloeophns,
794 2199 1056 2284 quiooncordare
1065 2201 1218 2287 quaelcu-

107 2314 225 2358 manee
233 2292 335 2356 menti
343 2290 394 2355 vel
404 2288 639 2354 maximernter
651 2306 687 2348 se
695 2304 881 2371 repugnare
890 2285 1075 2367 videantur,
1088 2286 1218 2356 doceat.

192 2375 351 2444 Nondum
369 2373 407 2442 P.
422 2371 568 2438 ostendit
581 2391 612 2438 v.
625 2371 680 2436 29.
696 2370 751 2434 30.
767 2368 853 2454 quod
869 2368 1097 2437 demonstrare
1111 2371 1218 2438 voluit

107 2487 138 2534 v.
151 2464 222 2530 28..
265 2461 369 2528 Recte
383 2459 469 2524 enim
489 2456 644 2544 objicias,
673 2455 885 2542 lieriposse,
908 2466 945 2523 nt
961 2457 1053 2523 Deus
1070 2441 1246 2524 nomines*

109 2551 162 2615 eui
175 2547 346 2613 studiosos
367 2555 403 2610 et
424 2542 558 2608 ueternci
574 2539 734 2605 felicitate
756 2549 869 2620 cruet,
892 2549 926 2606 et
938 2563 997 2612 eos
1010 2542 1167 2628 quamdiu
1181 2541 1218 2606 in
1356 2603 1361 2611 ,

107 2625 1219 2717 hicterrivivnntahimprobishorninibusmiserandumiumodum

109 2718 395 2808 vexeripatiatur,
416 2714 537 2801 quippe
549 2710 1219 2800 hujusvitaeaerumnessempiternaibea-

108 2808 207 2871 titate
223 2809 507 2889 compensaturus.
542 2794 760 2882 ltaqueAp.,
779 2803 814 2858 ut
826 2797 1142 2877 argumentationem
1158 2798 1218 2861 uln-

109 2893 231 2967 solvat,
252 2911 293 2953 ex
305 2889 456 2973 hccipso,
471 2880 662 2970 quodllens
677 2881 730 2943 sui
742 2883 929 2946 amantibus
944 2882 1220 2968 impensefaveat,

111 2967 660 3061 eumtristeahujnsvitaeeesusin
677 2966 795 3046 laetos,
818 2986 874 3030 res
905 2967 1059 3048 estiteras
1073 2967 1219 3032 inutiles

110 3080 353 3144 conversurum
362 3077 436 3122 esse
449 3062 538 3120 recte
545 3049 696 3115 concludi
710 3058 831 3118 monet.
902 3071 953 3116 sm
968 3054 1025 3154 qui
1038 3053 1137 3132 longe
1149 3072 1219 3116 em-

110 3134 1221 3237 plissimcnosdoncuffeceritcnuprcnobisadsupplecinmlilicdu7

113 3245 160 3313 to,
174 3232 264 3296 abeo
274 3229 427 3294 beneficia
438 3222 674 3308 minusampla,
694 3229 730 3283 ut
744 3218 843 3308 hujus
851 3221 938 3287 vitos
947 3222 1220 3288 aerumnasmiti-

18 3351 19 3366 ν
112 3328 167 3404 get
180 3337 305 3402 easque
321 3308 623 3378 adlaetcmcxitum
636 3305 770 3388 dirigat,
781 3307 1003 3395 juresperari
1018 3329 1049 3377 v.
1062 3307 1115 3373 31.
1124 3307 1220 3376 ec32.

18 3479 19 3482 ρ
194 3401 242 3471 V.
254 3401 309 3468 31.
329 3395 364 3464 τί
383 3389 443 3463 οὖν
464 3395 510 3480 ἐρ.
533 3389 619 3476 πρὸς
638 3391 776 3476 norim]
798 3391 949 3478 quodnam
967 3393 1251 3478 ipitnrdicemm,.

18 3491 19 3510 ¹
113 3487 156 3552 nd
177 3487 257 3552 duee
277 3480 415 3571 (sudu
434 3471 640 3566 προώρισεν,
668 3469 722 3540 ὅτι
735 3473 916 3554 ἐκάλεσεν,
943 3471 997 3542 ὅτι
1012 3473 1220 3551 ἐδικαίωσεν,

114 3567 169 3636 ὅτι
183 3566 343 3646 ἐδόξασεν
356 3591 387 3636 v.
403 3568 456 3632 29.
471 3567 526 3631 30.
542 3563 646 3628 schol.
663 3553 821 3644 Matth.)‘.²
841 3562 866 3630 i.
887 3583 916 3629 e.
938 3563 1091 3650 qscidnum
1112 3583 1157 3628 eu
1169 3562 1221 3628 leis

113 3655 296 3740 culliyemue
309 3660 355 3741 (v.
371 3643 529 3736 1‚356.)l
568 3646 621 3714 Cfl
636 3644 724 3711 Xeu.
741 3645 854 3711 Anah.
867 3646 900 3727 2,
914 3650 945 3726 l,
957 3647 1012 3714 20.
1049 3645 1221 3729 Κλέαρχος

114 3741 151 3804 dd
174 3727 511 3824 congaudendum.
548 3732 630 3800 Luc.
655 3730 708 3808 lt,
727 3731 762 3796 6.
790 3729 890 3801 Ovid.
910 3731 1046 3802 Metam.
1069 3732 1121 3813 12,
1140 3731 1219 3802 542.

114 3823 246 3891 Tristis
268 3825 312 3890 ccl
325 3824 403 3889 tneo
417 3819 551 3906 Pylius,
580 3826 614 3881 st
629 3814 765 3882 similia.
809 3816 897 3881 Male
911 3815 1067 3900 Meyerns
1078 3816 1233 3882 contulit·

114 3909 202 3995 πρὸς
212 3911 320 3976 ταῦτα
333 3913 523 3994 propterea,
554 3902 654 3966 citato
669 3897 862 3981 Blomfieldii
876 3901 1041 3968 Glossurlc
1054 3902 1087 3966 in
1104 3899 1220 3972 Pronn.

114 4017 148 4084 p.
169 3996 247 4062 1⁵8.
267 3994 308 4057 ad
326 4015 358 4061 v.
375 3991 483 4059 1⁰6⁵..
524 3986 598 4052 dW.
618 3983 652 4050 οἰ
667 3982 724 4047 οὖν
745 3985 900 4066 §ponium
929 3987 1112 4051 sententiae
1134 3988 1221 4071 mule

114 4081 286 4160 collectae,
305 4073 340 4141 σι’
354 4069 411 4144 οὖν
426 4073 566 4159 ἐροῦμεν
585 4071 663 4152 πρὸ
676 4069 853 4148 §caim
873 4077 960 4136 reete
972 4070 1108 4136 effectae
1121 4091 1220 4159 prae.

115 4166 203 4233 mitti
221 4165 323 4232 dixit.
371 4159 600 4226 Vanissimum
629 4162 681 4218 est
706 4155 768 4218 troc
793 4154 988 4237 discrimen,
1016 4158 1092 4242 qnia
1114 4177 1220 4244 neque

115 4254 230 4318 barum
254 4247 467 4315 formularum
491 4250 640 4308 naturam
661 4239 798 4324 attingit
817 4247 851 4305 et
865 4261 883 4304 a
899 4237 938 4311 P.
954 4242 1027 4328 ipsu
1041 4243 1220 4325 refellitur,

116 4340 170 4424 qui
195 4341 229 4422 9,
241 4338 298 4403 30.
325 4333 359 4400 ci
379 4323 437 4399 οὖν
450 4329 612 4420 ἐροῦμεν,
640 4325 797 4415 ‚posuerit
826 4327 1022 4394 sententiam
1045 4328 1221 4413 allaturus,

463 4471 468 4506 l
