2806 5054
348 340 466 411 cnr.
489 339 615 413 vnn.
643 340 715 446 v..
735 343 834 414 aaa
854 287 904 418 ι..
1132 340 1185 410 ce
1212 321 1216 332 ’

92 502 238 595 reputavit
265 505 346 572 baec
366 504 529 573 Reichiur.
580 501 690 588 Quum
703 501 826 588 igitur
845 467 1017 574 otrvlctnra¹
1035 518 1176 606 proraun

91 592 219 674 legitima
244 591 306 673 sit,
329 592 414 655 male
435 589 887 676 We.gr.p.20t.13raam.,
908 589 1062 670 Levthera,
1081 589 1174 674 Kop-

91 681 128 762 pii
142 677 343 763 aliorumque
366 678 450 742 vesti
477 676 517 738 iis
539 677 711 754 ingressus
727 675 812 740 buno
825 677 850 743 l.
864 675 1076 742 Anacolutbo
1091 675 1176 740 alic-

91 769 161 826 ctum
182 782 256 826 cose
277 763 418 851 putavit.
496 783 547 824 am
571 754 710 826 Paulum
730 759 776 824 τὸ
798 757 1092 828 convacarent
1106 755 1174 824 νό-

90 870 155 929 μου
173 867 219 894 -’
232 885 277 896 --
300 839 416 923 beate
429 843 487 912 τὸν
508 841 630 911 ἑαυτοῦ
643 841 715 914 vide
734 845 933 930 πέμψας-
953 841 1176 948 antinoon

92 930 139 1017 τὴν
157 925 337 1018 Ἅμαρτίαν
363 953 519 998 exarasse
546 952 608 1018 pro
628 929 673 997 cd
695 926 906 996 ἀδύνατον
929 953 991 997 noc
1010 951 1114 1010 νομου
1130 968 1174 1010 ··.·
1207 950 1215 962 ·
1259 1013 1260 1018 ἵ

91 1011 279 1103 ἐποίησεν
296 1010 314 1082 ὃ
328 1010 427 1095 θεᾶς,
451 1013 649 1101 πέμψας-
663 1019 719 1082 καὶ
733 1013 936 1120 κατακρίτων
949 1026 1013 1086 cte.
1031 1015 1113 1097 (imo
1125 1010 1174 1099 td

90 1095 279 1170 ἀδύνατον
304 1103 377 1166 τοῦ
404 1098 533 1185 νόμον
555 1139 597 1150 -
618 1094 637 1166 ὃ
656 1103 742 1178 θεὸς
761 1097 820 1168 τὸν
841 1105 964 1170 εαυτοῦ
991 1083 1064 1168 vide
1082 1100 1174 1181 πέμ·-

89 1196 195 1269 atne-'-
207 1183 260 1252 ἐπ
270 1184 471 1273 οίησεκαί
485 1183 656 1274 κατέκρινε
669 1176 808 1276 τῆνἍιι.
828 1183 862 1252 ἐν
875 1208 904 1253 τ.
920 1186 979 1270 σ.),
1001 1184 1090 1274 quod
1101 1187 1176 1274 Ap·

90 1281 180 1336 inante
199 1273 390 1357 complexus
410 1281 500 1339 esset
518 1271 697 1359 perbibuit.
741 1271 816 1338 Hoc
833 1273 1007 1338 eonsilium
1029 1274 1081 1338 vel
1094 1291 1176 1360 pro-

88 1360 183 1441 pterea
203 1356 442 1444 repudiandum
456 1343 533 1435 ἐντί,
561 1357 649 1444 quod
670 1359 709 1422 τὸ
725 1351 888 1423 ἀδύνατον
905 1365 968 1423 τοῦ
981 1350 1085 1437 νόμον
1096 1378 1175 1444 pas·
1193 1407 1197 1410 -

88 1441 146 1541 sive
164 1443 305 1525 intelligi
325 1445 452 1543 nequit.
502 1439 655 1542 Ceterum
676 1441 761 1510 Win.
782 1444 866 1508 bunc
884 1441 910 1511 l.
924 1441 1175 1546 cu'np'disaivpil-

88 1527 163 1591 hmre
177 1528 199 1596 l.
214 1537 413 1614 composuit.
449 1528 586 1594 Rectius
601 1527 642 1592 ad
652 1525 807 1614 Thucyd.
819 1531 852 1610 3,
865 1527 919 1596 39.
933 1551 968 1594 τι
981 1527 1063 1594 olio
1076 1549 1174 1594 ουτοι

88 1610 105 1697 ἢ
115 1608 405 1694 ἔπεβούλειισαν-
419 1637 478 1691 -;
501 1611 594 1680 Suet.
612 1621 704 1698 Aug.
720 1635 751 1681 c.
764 1613 820 1682 83.
831 1649 874 1663 -—
894 1634 968 1678 mox
981 1613 1066 1679 nibil
1081 1609 1174 1678 aliud
1199 1647 1204 1668 ι
1233 1613 1237 1628 ‘

89 1697 386 1782 quam-vectabatur
414 1708 447 1763 et
468 1698 700 1764 deambulabat
716 1736 758 1748 -
779 1707 812 1764 ct
832 1697 897 1762 alia
919 1698 1018 1787 hujus
1040 1697 1174 1784 generis

88 1782 107 1848 l.
123 1787 164 1864 (v.
183 1789 253 1850 not.
276 1785 316 1846 ad
331 1783 451 1853 Mattb.
500 1784 637 1868 ‚284.)‚
659 1805 743 1872 quae
765 1793 799 1848 et
820 1785 891 1871 ipsa
910 1783 951 1848 ab
966 1785 999 1851 b.
1014 1785 1039 1852 Ι.
1053 1784 1174 1848 abbor-

87 1877 164 1947 rent,
190 1879 418 1955 provocasset.
462 1806 530 1934 Sped
553 1871 669 1934 melius
689 1891 770 1934 sane
789 1869 870 1936 Win.
892 1891 988 1956 quam
1009 1869 1174 1934 Luthcrro

86 1953 237 2038 opinatum
269 1955 487 2020 anacoluthon
517 1955 676 2037 resolvit,
706 1955 763 2041 qui
793 1975 892 2041 quurn
915 1949 1074 2040 ἐποίησεν
1097 1960 1175 2018 anto

88 2031 190 2114 diteris
210 2048 322 2104 mente
344 2038 498 2124 adderet,
527 2039 647 2106 deinde
665 2048 865 2109 structuram
882 2039 931 2104 aio
945 2039 1174 2107 continuaret:
1280 2101 1282 2104 .

86 2124 141 2186 καὶ
163 2126 245 2209 περὶ
265 2117 431 2210 ἁμαρτίας
450 2123 673 2210 κατέκρινε
692 2123 753 2211 τὴν
774 2119 829 2207 tp.
846 2123 922 2190 ἑντ.
939 2144 970 2190 o.
984 2124 1091 2190 locum
1106 2146 1172 2189 non

86 2207 238 2289 enodavit,
274 2209 334 2274 ned
359 2233 420 2299 pro
440 2211 582 2276 arbitrio
605 2213 777 2298 pervertit.
828 2209 986 2288 Absurde
1009 2210 1173 2274 recentio-

85 2311 144 2355 rum
163 2295 383 2382 interpretum
405 2302 494 2382 (nam
514 2294 582 2365 PP.
602 2319 654 2380 gr.
674 2296 842 2362 structuri
861 2317 925 2360 non
946 2296 1065 2360 ollenei
1078 2297 1172 2380 sunt)

86 2374 117 2439 de
128 2382 339 2462 grammatici
354 2383 452 2471 bujua
467 2385 491 2452 l.
507 2387 636 2448 ratione
649 2391 847 2463 commenta,
870 2403 901 2448 v.
914 2403 943 2450 c.
955 2379 994 2447 τὸ
1008 2374 1173 2445 ἀδύνατον
1236 2462 1240 2474 ⁸

85 2483 106 2524 τ.
124 2487 147 2528 ν.
171 2467 318 2552 positum
339 2489 413 2532 esse
434 2472 485 2534 vel
497 2489 560 2571 pro
581 2463 685 2532 κατὰ
699 2467 738 2534 τὸ
757 2462 921 2533 ἀδύνὰτον
935 2488 964 2530 τ.
980 2489 1006 2530 ν.
1021 2467 1172 2571 (b'latt3),

85 2548 126 2611 vel
147 2572 205 2636 pro
234 2551 294 2616 διὰ
315 2547 353 2616 τὸ
379 2558 446 2618 τοῦ.
467 2576 571 2635 νομιιυ
595 2554 682 2639 (inno
701 2550 760 2618 τὸν
786 2548 911 2636 νόμον)
931 2547 1093 2656 ἅδύνιξτον
1113 2573 1173 2616 ει-
1244 2593 1250 2612 .

84 2653 141 2696 ναι
157 2635 317 2722 (liupo),
338 2639 597 2717 verbalortasse
613 2641 661 2704 sic
675 2637 832 2704 struenda
855 2658 930 2702 ease
954 2633 989 2702 ἐν
1011 2660 1038 2722 ῳ
1056 2633 1118 2720 ydp
1132 2633 1174 2720 nd

83 2711 230 2785 ἀδύνατον
256 2731 320 2786 τοῦ
342 2719 446 2802 νόμον
468 2723 603 2810 ἠσθένει
627 2728 656 2788 d.
677 2747 705 2788 τ.
725 2746 756 2789 o.
779 2722 936 2808 (liezca),
964 2721 1060 2810 cujus
1082 2719 1173 2786 modi

84 2805 171 2868 multa
190 2809 361 2874 acervavit
380 2808 492 2876 Reich.
515 2832 547 2896 p.
565 2809 659 2888 1⁴9„
686 2812 808 2897 optime
826 2816 989 2874 tacentur.
1037 2803 1072 2870 ἐν
1087 2801 1112 2892 ᾧ
1129 2801 1172 2890 ἠ-

83 2887 181 2955 σθένει
210 2892 241 2957 d.
270 2916 300 2958 τ.
330 2895 375 2978 σ.]
404 2892 438 2960 ἐν
468 2889 494 2982 ᾦ
525 2895 644 2962 Graeci
675 2893 715 2958 de
743 2902 892 2982 tempore
920 2898 995 2977 (prio
1015 2891 1173 2976 tempore)

83 2976 208 3039 maxime
237 2978 454 3064 frequentant
481 2977 670 3067 (Plutarch.
699 2979 739 3044 de
773 2978 881 3064 gloriai
910 2975 1171 3043 Atheniensium

83 3077 104 3123 c.
127 3059 157 3128 8.
185 3061 266 3130 Job.
295 3066 381 3143 5‚⁷.
410 3064 494 3134 Luc.
522 3067 558 3145 5,
574 3068 654 3150 34.)
706 3063 773 3130 Sed
801 3075 950 3152 tempus,
971 3082 1035 3147 qno
1065 3059 1175 3150 Masis·

82 3143 124 3206 lex
148 3148 326 3213 imbecillis
355 3151 475 3233 luerit,
510 3152 668 3238 tempori,
706 3174 770 3238 quo
795 3150 864 3239 jam
902 3150 995 3214 firma
1031 3145 1096 3227 sit,
1131 3143 1171 3216 P.

82 3249 232 3316 oponcre
245 3255 313 3298 non
331 3245 459 3322 potest,
489 3259 553 3324 quo
577 3245 710 3320 arvvetoro
734 3236 890 3303 Christus
913 3232 1059 3297 homines
1080 3233 1172 3296 tenni

111 3318 172 3380 osis
190 3321 269 3402 lege
289 3322 445 3402 solverit,
475 3345 539 3387 non
563 3344 673 3386 rnanca
695 3321 801 3387 Mosis
822 3322 982 3384 elementa
1003 3318 1172 3406 expolire·
1236 3365 1238 3370 -

81 3400 118 3462 rit
142 3406 197 3487 (7,
212 3406 247 3471 4.
270 3408 303 3472 6.
326 3406 401 3473 Gal.
423 3407 461 3489 4,
477 3409 510 3475 3.
531 3411 617 3494 saph
677 3406 897 3492 Quamobrem
924 3401 958 3470 ἓν
988 3393 1014 3488 ᾧ
1037 3404 1090 3465 hic
1113 3411 1170 3468 aut
1265 3453 1267 3457 -

79 3496 236 3578 propterea
251 3493 334 3578 quod
342 3542 350 3573 ,
372 3505 429 3556 aut
442 3501 598 3579 patalenes
612 3492 758 3558 declaret
775 3513 908 3557 necesse
923 3495 984 3554 eat.
1029 3486 1170 3552 Utrvnn-

81 3593 132 3655 qne
150 3572 181 3638 ἒν
202 3579 229 3663 qi
257 3597 317 3662 por
337 3579 587 3653 attractionem,
623 3577 663 3644 de
684 3581 748 3664 quvi
772 3577 813 3642 ad
836 3577 868 3654 5,
892 3575 942 3642 12.
962 3574 1085 3638 diutino
1107 3580 1171 3655 est,

79 3655 243 3740 significat.
290 3659 376 3726 Nam
399 3685 498 3750 qrrarm
521 3659 554 3728 ἐν
571 3673 605 3726 et
623 3671 757 3746 propter
775 3662 949 3748 (Plutarch
968 3661 991 3728 l.
1004 3661 1030 3726 l.
1046 3681 1073 3724 c.
1089 3660 1122 3723 7.
1136 3657 1170 3724 ἐν

79 3737 198 3822 τούτοις
207 3756 348 3832 propter
362 3749 441 3812 baec
456 3748 534 3816 Job.
552 3749 603 3828 16,
612 3749 682 3832 30.)
695 3756 729 3813 ot
739 3771 799 3832 per
814 3745 939 3834 (Tbuc.
952 3745 1045 3825 aso
1063 3743 1170 3812 lCor.

79 3824 154 3910 hl.)
169 3841 202 3896 et
219 3834 255 3896 io
273 3833 399 3912 valeat,
431 3833 464 3898 ἒν
480 3828 506 3918 ᾧ
522 3831 567 3916 (h.
588 3857 618 3902 e.
642 3830 677 3900 ἓν
700 3833 827 3920 τούτῳ,
858 3829 928 3910 ὅτι)
949 3839 1017 3893 tum
1037 3836 1170 3910 propter

78 3908 125 3974 dte
141 3916 241 4000 quod,
270 3919 419 4004 quoniam
443 3921 500 3996 (ci.
524 3917 618 3988 hebr.
640 3926 729 4006 abab·
747 3913 868 3986 [leues.
886 3917 977 3998 39,9.
1001 3913 1055 3981 23.
1080 3911 1170 3981 Plat.

78 3993 110 4060 da
122 4019 188 4088 rep.
205 4024 242 4090 p.
257 4001 356 4083 455„
371 4003 428 4068 nbi
442 4003 476 4070 ἐν
490 3991 517 4089 ᾧ
532 4005 639 4070 minus
653 3998 729 4092 a'pte
743 4013 899 4090 praetenue
913 4000 1084 4088 explices),
1099 4002 1177 4068 tum.

77 4100 104 4144 ιο
115 4088 207 4168 parad,
231 4085 324 4173 qnod
337 4099 371 4154 et
384 4093 492 4177 ipsum
506 4089 548 4154 ad
562 4091 711 4178 quonium
726 4089 813 4155 redit
828 4089 883 4172 a),
896 4095 965 4154 tum
982 4086 1015 4150 in
1030 4105 1079 4166 eo,
1089 4084 1172 4170 quod

77 4192 321 4288 Mane
334 4225 354 4279 h.
368 4227 525 4296 interpretes
540 4227 630 4298 irrepte
644 4225 688 4281 hic
704 4228 836 4294 citarent,
857 4239 885 4281 ut
899 4227 930 4282 dv
944 4219 1109 4300 §quoniam
1123 4242 1170 4275 '³-

132 4292 183 4344 lere
198 4295 348 4356 docerent,
369 4296 490 4367 Thucyd.
506 4297 604 4362 6,86.,
622 4317 702 4368 quern
721 4298 739 4350 l.
762 4299 842 4351 Wn.
857 4317 897 4368 gr.
912 4317 937 4367 p.
957 4297 1017 4353 370·
1037 4313 1051 4346 θ
1071 4293 1169 4361 Vitem

132 4377 158 4431 p.
172 4362 235 4417 607.
250 4363 299 4418 cd.
312 4366 337 4418 4.
349 4365 452 4436 attulit,
477 4367 509 4426 tu
522 4359 544 4440 ᾧ
555 4386 612 4422 non
626 4368 758 4436 quoniam
773 4377 827 4436 eat,
843 4368 890 4424 aad
904 4369 961 4437 quet
971 4382 1017 4433 re,
1044 4361 1170 4432 ructuat).
