2814 5056
213 377 218 382 “
326 437 331 446 .
355 359 477 436 CAP.
499 359 631 435 vill.
653 362 729 435 .vs.
746 362 808 433 35.
831 399 873 413 -
893 363 968 436 37..
1156 361 1224 428 221

111 525 225 606 Deus,
243 509 348 589 ‘alius
380 513 549 597 Christus.
604 519 736 589 Deinde
764 487 863 589 aliam
884 521 950 590 vim
972 521 1040 589 D'ei
1060 543 1140 610 erga
1161 541 1224 589 nos
1356 547 1394 580 .’

111 632 203 676 amor
230 610 382 691 hahuit.
407 608 507 675 aliani
542 607 683 677 Christi.
735 607 803 673 lllc
830 629 872 674 eo
897 609 1026 690 valuit,¹
1055 615 1092 674 ut
1125 607 1224 674 Deus

112 695 284 764 Christum
292 693 341 782 ‚jad
357 696 558 786 supplicium
571 693 686 782 dotet.
698 693 753 759 hic
774 693 894 776 effecit,
916 702 953 759 ut
966 692 1122 761 Christus
1136 714 1225 758 nror-

112 791 177 846 tem
207 786 394 867 oppeteret.
444 780 533 847 Tum
554 782 588 848 h.
610 781 635 848 l.
657 799 722 844 non
743 777 786 843 de
808 780 1029 861 ornamentis,
1057 778 1225 865 quasillo

15 933 16 936 ,
111 867 179 932 Dei
199 875 235 930 et
261 863 390 932 Christi
416 886 510 931 amor
538 865 635 930 nohis
662 864 863 953 pepererit.
877 865 911 932 h.
933 886 965 932 e.
989 863 1031 929 (le
1052 865 1093 951 τῇ
1115 862 1226 928 draus·

86 957 90 968 “
112 947 214 1040 cuiry]
235 958 270 1015 et
288 947 332 1037 τῇ
352 946 477 1042 οῐωρίῳ
495 951 562 1038 ζωῇ
582 951 713 1035 egilum,
744 948 805 1015 sed
821 950 883 1015 hoc
897 950 1089 1038 exponitur,
1113 947 1226 1014 llenm

112 1038 186 1122 pios
206 1035 355 1101 homines
376 1036 455 1124 licet
475 1035 721 1112 calamitatibus
740 1035 878 1101 obrutos
899 1055 1010 1100 amare
1031 1033 1142 1121 iisque
1160 1053 1224 1122 pro

112 1141 172 1186 suo
195 1142 308 1186 amore
331 1119 366 1185 in
388 1121 509 1186 miseri
532 1120 667 1186 lortuoai
688 1120 861 1207 opitulari.
912 1117 1086 1194 Postremo
1114 1140 1147 1189 v.
1167 1118 1226 1190 39.

113 1225 177 1272 non
192 1201 253 1306 cqc
267 1200 399 1292 ἅγάπην
413 1207 477 1271 τοῦ
489 1207 642 1313 Χριστοῦ
657 1225 722 1292 quo
738 1203 894 1292 Meyerue
908 1206 1036 1292 putavit
1058 1201 1154 1270 modo
1167 1224 1227 1270 ex·

135 1291 285 1359 licarrv.
304 1288 439 1358 docent:
473 1286 541 1356 σ’στο
571 1291 646 1378 τῆς
674 1285 839 1376 ἀγάπης
863 1293 938 1356 τοῦ
964 1292 1070 1356 θεοῦ
1095 1291 1169 1378 τῆς
1190 1286 1226 1355 tr

15 1379 16 1382 ’
112 1314 179 1462 iq.
189 1369 236 1443 Ἰ..
281 1374 369 1452 Nam
384 1375 444 1440 hoc
457 1384 554 1464 pacto
567 1369 637 1440 ἀπὸ
652 1372 714 1462 τῆς
734 1368 867 1462 ἀγάπης
880 1375 941 1440 τοῦ
956 1375 1130 1461 Χριστοῦ,
1151 1373 1227 1460 ἥτις
1261 1404 1266 1416 ¹

113 1459 186 1527 ἐστὶ
207 1461 264 1526 καὶ
283 1461 346 1527 τοῦ
366 1461 453 1525 θεοῦ
473 1467 532 1524 aut
551 1459 654 1526 simili
670 1460 766 1526 modo
783 1459 955 1526 dicendum
970 1461 1093 1527 luerat.
1137 1457 1244 1526 Sans*

112 1550 306 1633 pervetusta
332 1553 385 1610 est
415 1546 548 1628 vulgata
579 1544 765 1634 scriptura,
801 1553 838 1611 nt
864 1565 962 1632 quam
991 1543 1228 1611 Tertullianus

14 1635 15 1642 ’
112 1631 342 1719 (scorpiacum
363 1629 632 1700 adv.‘Gnosticos
652 1631 839 1713 suhfinem)
854 1640 888 1696 et
903 1629 1069 1716 Origenes
1084 1649 1229 1718 sequau—
1344 1687 1346 1696 .

111 1727 182 1784 tur.
227 1714 294 1780 sed
313 1715 411 1781 facile
431 1714 524 1781 dicas
545 1715 708 1802 quomodo
730 1723 802 1792 orta
824 1716 897 1785 sit.'
925 1715 1061 1782 Scilicet
1075 1714 1227 1804 proximo
1295 1711 1297 1720 '

14 1858 17 1869 ,
113 1823 143 1868 v.
159 1799 217 1868 34.
238 1799 366 1868 Christi
386 1801 473 1865 iacta
495 1801 618 1868 mentio
639 1810 693 1866 est
705 1807 741 1866 et
753 1802 892 1870 multiv.
910 1801 964 1871 36.
984 1798 1092 1867 them
1113 1801 1176 1866 σοῦ
1191 1803 1228 1866 et

14 1943 15 1956 ,
97 1907 144 1952 .v.
157 1885 216 1953 37.
239 1878 296 1950 διὰ
317 1887 378 1964 τοῦ
401 1881 638 1971 ἀγαπήσαντος
657 1879 744 1972 ἡμᾶς
763 1887 805 1949 acl
829 1886 989 1954 Christum
1010 1878 1229 1954 rettulerunt.¹

114 1967 274 2038 Ceterum
294 1973 356 2037 τοῦ
370 1973 524 2056 Χριστοῦ
545 1992 575 2038 v.
587 1969 642 2040 35.
655 1970 743 2036 altas
759 1971 889 2038 radices
903 1974 1013 2056 egisse
1027 1992 1092 2036 non
1108 1972 1227 2036 mirum
1326 1994 1331 2000 ·

114 2063 178 2126 est.
238 2053 325 2120 Nam
355 2064 530 2144 postquam
551 2054 687 2122 Christo
715 2048 921 2140 ἥδ’μοουσία
965 2055 1073 2123 uhlioe
1093 2055 1229 2123 decreta

114 2147 207 2220 erat,
239 2141 409 2225 Theologi
421 2161 484 2206 non
499 2139 595 2206 modo
605 2161 673 2206 non
687 2141 806 2206 offensi
825 2149 904 2210 sunt
969 2143 1048 2208 risti
1063 2142 1229 2222 mentions

114 2247 144 2295 v.
161 2225 238 2308 3⁵..
258 2219 431 2303 sedetiam
443 2225 483 2291 eri
498 2225 616 2310 gavisi.
647 2225 835 2294 Videbatur
848 2227 934 2293 enim
951 2229 1120 2314 quod-res,
1141 2247 1229 2315 quae

113 2313 307 2464 paulogost
319 2331 350 2380 v.
364 2312 420 2378 39.
442 2312 516 2376 Deo
532 2311 748 2398 tribueretur,
769 2313 824 2378 hic
840 2313 882 2377 ad
897 2312 1067 2381 Christum
1082 2313 1229 2379 reterre-

114 2408 188 2479 tur,
248 2395 346 2461 hristi
367 2396 571 2462 divinitatem
595 2398 760 2467 stabilire.
796 2397 906 2480 Chrys.
923 2399 967 2464 ad
985 2401 1019 2467 h.
1034 2399 1154 2468 lanai
1168 2392 1229 2464 σῦκ
1260 2421 1266 2438 .

114 2473 190 2546 cirre
216 2483 279 2547 τοῦ
302 2482 400 2547 θεοῦ·
425 2476 557 2559 οὕτως
578 2476 769 2569 ἀδιάφορον
790 2479 882 2569 αὐτῷ
907 2487 965 2550 καὶ
993 2480 1145 2568 Χριστὸν
1171 2483 1230 2548 καὶ

15 2563 16 2586 ¹
112 2565 200 2633 θεὸν
230 2561 416 2648 ὀνομάζειν.
464 2565 629 2632 Firmarit
654 2569 755 2641 etiam
780 2568 956 2634 lectionem
984 2572 1046 2634 τοῦ
1073 2565 1229 2656 Χριστοῦ

113 2673 230 2729 eorum
252 2651 446 2739 explicatio,
474 2653 532 2738 qni
554 2653 588 2722 h.
608 2653 635 2721 l.
657 2652 697 2717 do
717 2653 847 2742 piorum
865 2653 1131 2720 Christianorum
1148 2673 1231 2736 erga

115 2735 289 2804 Christum
310 2757 421 2800 amore
445 2745 669 2824 exposuerunt
690 2740 738 2823 (v.
753 2740 882 2825 supra).
909 2736 1069 2824 θλίψιςῆ
1086 2739 1230 2824 cccccx]

114 2842 144 2889 v.
166 2830 240 2908 not.
264 2821 307 2886 ad
328 2821 361 2901 2,
374 2823 421 2888 9..
464 2820 626 2906 διωγμόζ]
651 2823 858 2924 Persequutio
875 2823 1018 2914 iujurias
1038 2823 1232 2910 complecti-

114 2914 197 2992 ως,-
225 2927 310 2993 quas
333 2904 456 2974 ludaei
479 2913 513 2971 et
535 2907 658 2972 ethnici
681 2906 883 2973 Chrrstiaois
928 2915 1042 2995 ropter
1059 2907 1231 2973 doctrinae

59 3007 64 3018 ⁵
114 2992 239 3065 christ.
261 2983 501 3082 professionem
522 2990 752 3080 imposuerunt
769 2996 824 3076 (ut
847 2929 1003 3075 ισι6οιιι,
1030 2992 1231 3074 delationes,

115 3079 261 3158 vincula,
282 3077 549 3162 relegationem).
591 3077 729 3142 Notiora
745 3076 806 3141 suri
821 3071 838 3141 ὃ
852 3077 1000 3162 demendo
1015 3099 1033 3142 a
1048 3080 1090 3166 τῇ
1102 3073 1231 3164 θλίψει
1243 3123 1256 3146 .

115 3162 249 3243 differt,
278 3163 324 3227 ita
347 3171 384 3226 ut
402 3163 467 3227 hoc
490 3183 560 3228 voc.
581 3162 685 3226 latius
699 3183 796 3248 quarn
817 3161 901 3226 illud
916 3172 1040 3252 pateat.
1058 3185 1088 3232 v.
1104 3165 1185 3234 Act.
1196 3160 1230 3246 8,
1360 3195 1363 3208 ι

118 3250 148 3314 l.
162 3247 287 3315 Matth.
303 3249 415 3321 l3‚2l.
432 3247 518 3312 ubid
524 3245 571 3315 W.
582 3256 706 3312 temere
721 3247 801 3312 mihi
813 3247 1020 3335 obloquitur.
1054 3247 1231 3335 Pleraque

116 3336 224 3415 mala,
246 3354 330 3419 quae
345 3333 402 3396 hic
416 3342 650 3410 recensentur,
675 3328 713 3399 P.
730 3334 802 3438 ipse
817 3341 974 3422 expertus
984 3329 1038 3398 ‘est
1052 3335 1074 3398 2
1088 3333 1167 3404 Cor.
1178 3336 1231 3416 ll,

115 3419 170 3486 23.
186 3439 241 3502 sq.
267 3419 340 3498 o,8.
357 3440 421 3504 sq..
464 3416 509 3483 V.
530 3418 586 3485 36.
608 3413 724 3494 καθιεὶς
744 3423 942 3502 γεγρατττοιι]
965 3419 1079 3500 LXX.
1102 3419 1159 3488 Ps.
1174 3420 1231 3501 43,

116 3505 199 3656 qm]
220 3503 289 3571 23..
338 3501 392 3567 lhi
413 3502 1071 3589 polita,de..vexationibuslamentatur,
1108 3505 1231 3593 quibus
1301 3557 1303 3562 .

16 3597 17 3606 ’
139 3589 241 3653 udaei
265 3591 418 3674 quoniam
439 3586 598 3661 lehovarn
623 3589 677 3674 pie
705 3589 851 3652 colerent
874 3592 936 3654 suh
959 3591 1127 3656 Antiocho
1149 3590 1231 3678 Epi·
1278 3611 1291 3618 ·

114 3675 226 3759 phane
242 3673 375 3737 obnoxii
393 3674 539 3740 furerent.
574 3672 626 3739 Cl.
649 3673 680 3739 h.
705 3670 856 3738 Boream.
877 3684 911 3738 et
933 3674 1018 3742 Ven.
1034 3677 1230 3760 Hitziqium.
1301 3698 1333 3730 a

117 3759 155 3823 Si
165 3759 207 3827 P.
218 3759 306 3823 sacri
322 3763 438 3845 politae
449 3780 479 3824 v.
489 3757 529 3821 ad
544 3777 635 3821 suam
647 3756 946 3823 renraccomodauit
956 3758 1076 3843 (Cret,
1098 3761 1231 3842 Herem„

115 3844 245 3928 Kopp„
269 3841 360 3911 Mor.
376 3845 454 3926 ah),
476 3844 590 3907 ultima
605 3861 636 3908 v.
652 3843 706 3906 35.
723 3863 810 3911 vocc.
825 3835 846 3929 ἢ
859 3841 1009 3920 κίνδυνος
1027 3840 1229 3930 ἢμοὶχαιροις

14 3943 15 3946 ’
115 3929 304 3994 illustrarit
321 3927 354 3996 h.
369 3951 429 3996 m.:
458 3951 501 3992 an
515 3929 600 3993 vitae
612 3927 802 4008 dircrinren,
824 3950 867 3992 on
885 3929 1030 4012 clodius,
1061 3937 1097 3994 ut
1113 3938 1228 3995 nostra

115 4009 264 4079 conditio
287 4034 400 4079 eorurn
415 4013 566 4077 fortrrnae
580 4010 798 4098 respondeat,
828 4013 883 4098 qni
895 4014 939 4090 jn
956 4011 1088 4079 Psalmo
1104 4018 1231 4079 lamen·

114 4107 250 4179 tantur,
281 4119 339 4164 noe
353 4123 373 4164 ιι
391 4097 455 4163 Dei
468 4119 545 4180 cryc
561 4117 617 4172 noa
630 4118 739 4162 umore
752 4091 888 4164 evellet?
919 4097 978 4163 Sin
996 4108 1033 4164 ut
1049 4101 1147 4180 vatis,
1169 4099 1229 4186 qui

91 4205 93 4212 ·
115 4185 182 4270 piis
200 4182 405 4251 Christianis
428 4201 537 4246 necem
562 4181 793 4268 portenderet,
822 4203 932 4248 vocem
956 4180 1080 4250 Psalmi
1096 4205 1229 4252 versum

116 4269 233 4335 citavit
246 4267 412 4352 (liceum,
433 4267 562 4348 Meyer.
577 4267 656 4349 ah),
687 4277 776 4331 recte
792 4265 1047 4334 ctiamxirdorov
1061 4276 1096 4335 et
1106 4265 1230 4352 μάχαι-

115 4377 178 4442 ραι
194 4355 237 4422 ad
250 4355 356 4454 mala,
379 4375 461 4440 quac
474 4351 685 4421 Christianos
699 4363 904 4440 premerent,
922 4355 965 4422 ah
979 4377 1015 4423 se
1029 4358 1136 4424 relata
1152 4377 1228 4426 osse
