2824 5054
376 327 924 454 cnc.‘1x.rs.o.‘-.ra..·
1128 385 1207 466 ‚aas

92 537 256 608 detestari
277 545 336 605 aut
355 539 466 606 odisse
488 533 613 608 frustra
635 542 808 611 obtendas.
859 540 1202 613 ltanimirumnobis
1244 523 1245 532 ἵ
1302 559 1305 578 ’

93 627 225 692 videtur
238 626 410 712 visumque
424 629 492 693 anti
519 627 608 693 nitus
624 628 667 694 iis
684 624 766 711 esti,
785 629 842 714 qui
858 629 1028 695 subtiliter
1044 631 1083 696 de
1102 633 1203 698 rebus

92 713 216 781 divinis
243 713 276 776 lo
303 713 374 778 uoti
402 720 480 777 siant
534 735 587 800 ap.
611 715 748 794 11,25..
800 713 867 782 Sed
895 717 993 798 vulgo
1020 717 1203 803 antiquitas
1271 763 1273 774 =

92 821 238 878 amorem
253 734 382 878 odium,
403 796 486 862 iram
504 797 659 864 invidiam
674 810 868 890 ceterasque
892 801 1058 873 borrdnunr
1072 810 1203 891 pertur-

91 885 245 950 bationes
261 883 388 950 numini
400 881 512 948 divino
526 885 650 953 tribuit
662 886 716 969 (v.
728 883 877 970 liaeus).
1123 935 1125 940 -

179 969 224 1039 V.
241 965 263 1034 6
279 1007 320 1018 --
337 969 390 1035 13.
411 970 598 1058 perspicuis
612 967 737 1038 Paulus
751 971 861 1048 uerbis
879 969 1139 1040 absolutum'Dei
1162 971 1202 1038 de

91 1055 280 1120 bominibus
297 1076 356 1141 per
367 1053 535 1120 Christum
552 1055 689 1121 beandis
704 1056 871 1122 decretum
887 1058 1039 1142 exponit,
1057 1058 1089 1123 b.
1102 1080 1132 1125 e.
1147 1057 1203 1123 de-

90 1142 220 1224 legisse
239 1141 347 1206 Deum
379 1141 545 1222 homines,
575 1142 632 1228 qui
654 1144 834 1208 necessario
855 1141 952 1206 iidem
979 1141 1113 1208 Christo
1143 1143 1202 1210 ad-

17 1227 19 1256 ¹
86 1226 267 1314 jungerent
279 1237 480 1312 aeternaque
494 1227 653 1292 felicitate
668 1228 874 1314 potirentur,
890 1227 935 1292 ita
950 1234 987 1292 ut
1001 1227 1202 1315 beandornm

92 1313 259 1376 hominum
282 1309 442 1375 delectum
464 1333 523 1395 pro
547 1311 684 1378 arbitrio
704 1335 761 1378 arro
778 1314 901 1376 laceret
915 1333 1037 1398 eosque
1051 1321 1202 1400 praeter·
1245 1372 1246 1380 ,

91 1399 175 1477 iret,
206 1405 243 1461 ut
269 1398 332 1460 fide
354 1394 488 1464 Christo
516 1395 675 1478 denegatio
708 1400 911 1486 sempiterno
936 1401 1049 1464 ruiseri
1080 1406 1202 1482 essent,

92 1504 306 1569 quoscunque
333 1482 518 1569 praeterire
550 1483 580 1547 ei
602 1481 728 1548 libitum
749 1492 848 1562 essct,
886 1484 983 1570 plane
1004 1494 1036 1548 ct
1057 1483 1202 1550 dilucide
1241 1545 1244 1567 ,

17 1589 18 1610 r
91 1571 166 1655 Ap.
178 1567 276 1664 dopet
298 1575 344 1647 (v.
361 1568 574 1652 Auprrstinum
592 1568 757 1634 enchirid.
777 1567 917 1646 dalida,
939 1591 997 1656 spe
1011 1575 1044 1634 et
1062 1570 1202 1633 caritate
1229 1570 1231 1576 ’
1254 1587 1274 1609 s*

91 1653 132 1718 ad
148 1652 365 1718 Laurentium
390 1673 418 1718 a.
433 1651 487 1718 98.
501 1655 592 1738 'sq.‚'
613 1651 665 1716 De
687 1654 991 1740 praedestinatione
1010 1666 1200 1724 saltatorum

92 1739 202 1818 c.3.4.
212 1741 322 1819 salu,
343 1736 397 1801 De
415 1737 537 1825 spiritu
552 1747 586 1812 ct
598 1738 696 1802 litera
713 1742 805 1819 adl.
820 1741 963 1826 aliisque
976 1739 1077 1815 locis,
1097 1741 1201 1821 ibeo„-

90 1824 298 1910 pbulactum‚
330 1822 513 1902 Ursicinum,
548 1823 692 1904 Bazam,
724 1825 955 1905 discalceatam,
983 1825 1022 1889 ala
1048 1821 1202 1890 Wettium

18 1913 19 1930 ¹
91 1911 136 1975 al.
152 1909 243 1978 adlr,
258 1909 311 1992 1.).
354 1907 460 1995 Hace
475 1909 712 1996 consilio‚quo
728 1908 765 1976 P.
782 1912 863 1974 hanc
879 1910 1136 1998 disputationem
1151 1911 1203 1974 iu-
1258 1951 1260 1960 ι

92 2013 231 2079 gressus
254 1999 324 2076 est,
346 2001 415 2057 tum
433 2016 450 2058 e
466 1993 703 2082 disputationis
729 1997 855 2060 rationo
870 2017 967 2083 quam
984 1995 1060 2059 iniit
1076 1995 1203 2060 verbis-

92 2103 156 2234 ἵνα
180 2080 302 2166 quibus
323 2102 405 2144 usus
428 2088 480 2142 est
500 2080 598 2158 longe
618 2081 862 2167 apertissimum
886 2088 950 2146 est.
1000 2079 1132 2166 Quippe
1152 2085 1203 2145 tot
1259 2120 1266 2136 x
1339 2099 1369 2148 ‘.

116 2165 306 2254 udaeornm,
329 2163 434 2252 qtriad
444 2165 572 2232 Christi
585 2165 794 2252 disciplinam
812 2168 960 2232 homines
974 2165 1203 2231 beantemnon
1291 2197 1296 2209 =

93 2252 335 2329 accessissent,
356 2248 521 2317 loctunam¹
536 2251 713 2316 miseratus
728 2254 766 2332 9,
793 2254 823 2318 l.
837 2253 888 2332 2.,
912 2252 982 2316 anesi
997 2252 1123 2339 ipsius,
1151 2253 1202 2318 in·
1322 2267 1324 2275 ’

94 2337 186 2423 quit,
200 2343 295 2426 peste
311 2337 519 2422 popularium
537 2339 682 2422 meorum
697 2339 837 2402 salutem
855 2337 1061 2416 redimerem,
1079 2335 1109 2400 si
1125 2358 1203 2424 pos·¹

95 2442 163 2487 sem
185 2424 225 2501 9,
246 2421 279 2489 3.
296 2460 340 2471 -
357 2421 407 2489 ὅ..
448 2424 497 2486 At
520 2423 634 2508 procrrl
655 2421 767 2503 abest,
792 2432 827 2486 ut
848 2423 915 2490 Dei
932 2423 1089 2502 edictum,
1113 2419 1204 2523 qnod

94 2507 257 2582 nonnullis
270 2507 461 2572 Abrabami
482 2508 641 2594 posteris,
672 2529 732 2572 raon
756 2504 990 2596 orrrnibuo‘cjus
1012 2508 1204 2608 nepotibus,

96 2593 292 2657 messianarn
309 2592 499 2656 beatitatem
515 2591 711 2679 spopondit,
734 2595 776 2658 ud
791 2595 918 2660 irritum
934 2593 1083 2661 ceciderat
1100 2595 1138 2670 9,
1155 2597 1202 2661 6..

94 2677 337 2742 Edixit-autem
354 2679 414 2742 hoc
433 2677 542 2756 Deus,
566 2699 629 2762 quo
646 2679 716 2742 loco
732 2678 948 2758 'larissaeum
961 2678 1110 2742 homines
1127 2678 1204 2742 bea-

94 2770 148 2827 tos
171 2763 366 2833 Abrabamo
395 2773 548 2849 posteros
572 2773 817 2848 nuncupaturus
843 2783 917 2826 esse
947 2763 1120 2848 professus
1149 2767 1205 2838 est

95 2850 126 2930 9,
135 2851 183 2916 7..
226 2847 300 2914 Hae
314 2848 402 2913 enlm
417 2870 492 2913 voce
508 2870 544 2912 se
559 2869 616 2912 eos
632 2850 745 2912 beatos
760 2870 818 2934 per
833 2847 930 2912 lidoru
944 2847 1122 2913 inChristo
1136 2849 1203 2913 col·
1312 2847 1319 2864 ¹
1337 2835 1340 2842 ¹

95 2935 238 2998 locatam
273 2935 458 3000 Abrabami
494 2943 629 3020 nepotes
657 2933 912 2998 corastituturum
939 2953 1031 3012 esse,
1062 2933 1137 3019 qui,
1167 2940 1205 2996 ut
1263 2979 1271 2994 .

95 3017 254 3102 isaacus,
277 3020 330 3087 sui
352 3020 509 3104 promissi
523 3019 646 3082 virtute
662 3017 848 3084 Abrabami
865 3016 926 3082 lilii
941 3018 1148 3082 exstitissent
1170 3019 1204 3084 b.

96 3127 126 3171 o.
148 3127 234 3190 quos
255 3127 316 3192 per
335 3105 433 3170 iidem
447 3105 582 3170 Christo
599 3103 743 3168 babilam
756 3103 856 3169 beare
873 3104 940 3182 ipse
951 3104 1100 3170 vallasset
1112 3105 1145 3182 9,
1159 3103 1205 3184 8.,

96 3191 232 3277 oblique
253 3191 348 3255 uobis
368 3199 402 3254 et
421 3211 481 3278 per
501 3190 657 3272 ambages*
678 3189 835 3256 ostendit.
882 3186 952 3252 Hoc
968 3189 1077 3274 ipsum
1095 3197 1215 3254 autem-

96 3274 209 3341 Deum
233 3275 329 3340 uobis
351 3275 519 3340 declarare
543 3273 688 3341 voluisse
706 3297 747 3340 ex
767 3275 894 3339 oraculi
909 3273 1208 3353 verbis'discinrus,

98 3383 183 3448 quae
196 3362 323 3442 Sarae,
346 3383 429 3447 quae
442 3362 569 3426 viribus
591 3384 608 3423 a
628 3359 701 3450 Deo
721 3369 854 3446 praeter
870 3365 1007 3425 araturae
1023 3361 1129 3444 legem
1148 3359 1205 3440 da-

95 3449 142 3511 tis
159 3445 309 3511 isaacum
332 3448 497 3534 concepit,
520 3469 582 3510 non
599 3447 744 3530 Hagari,
767 3463 850 3532 quare
873 3443 1051 3511 secundum
1067 3456 1204 3510 naturae

97 3531 248 3598 ordinem
276 3553 356 3618 prae
383 3555 463 3596 reatris
484 3536 568 3596 lacta
597 3530 770 3604 ismaelem
797 3554 836 3619 pe

96 3618 298 3682 ominantur.
358 3555 422 3682 {ed
453 3619 553 3682 inulto
581 3619 717 3701 gravius
738 3555 909 3682 oraculum
927 3626 997 3696 est,
1025 3617 1111 3701 quod
1136 3616 1205 3680 sse-
1318 3635 1319 3640 ’

17 3757 18 3760 ,
95 3702 195 3768 beoca
216 3723 288 3768 cum
303 3724 363 3768 uno
377 3703 508 3783 isaaco,
533 3704 626 3768 cums
650 3725 762 3767 omues
779 3703 965 3790 promiscue
985 3703 1074 3780 tilios
1092 3701 1206 3787 otique

17 3849 19 3856 .
96 3787 247 3854 beandos
261 3789 363 3852 luisse
377 3809 418 3851 ex
433 3788 623 3853 antedictis
638 3791 812 3854 correlndas
829 3792 862 3869 9,
875 3789 1017 3866 7.-9.,
1039 3787 1207 3872 compleas

96 3893 230 3938 venereo
252 3870 373 3957 junctu
401 3872 441 3938 de
468 3873 599 3938 diversa
626 3875 776 3946 rliliorum
810 3881 901 3939 sorte
930 3871 1073 3958 accepit,
1108 3891 1206 3955 quam
1233 3892 1238 3904 ·

98 3952 503 4050 quodSarae'deraaco
525 3958 635 4023 datum
658 3961 778 4034 luerat.
821 3957 908 4024 Nam
925 3957 1034 4024 Deum
1058 3957 1206 4024 besaines
1288 3987 1290 4010 ι

863 3529 1061 3611 erit·9‚9.‚
1099 3531 1204 3594 lilium
1279 3585 1281 3594 ,
1346 3552 1349 3562 ’

17 4103 18 4114 ,
97 4041 1111 4129 beandosarbitraluruodclipereitadernonstrat,'utnihil
1131 4063 1206 4106 esse
1269 4096 1273 4110 ,
1342 4071 1354 4086 -

97 4130 212 4216 possit
233 4125 420 4194 evidentius
447 4131 484 4207 9,
503 4131 567 4196 10..
618 4128 753 4194 Scilicet
766 4130 897 4208 etiamsi
912 4128 1053 4194 nondum
1070 4128 1139 4190 nati
1154 4149 1207 4190 es-

17 4217 18 4248 e
98 4213 533 4315 seotEsavusetlaoopus
554 4236 660 4300 neque
682 4216 860 4302 qrridquam
883 4209 1215 4280 bonimalivefecis-·
1273 4256 1312 4267 ,κ
1369 4307 1372 4316 ¹

96 4306 191 4382 sont,
212 4299 340 4380 alico,
360 4309 397 4364 ut
418 4299 564 4364 diurnum
585 4299 704 4364 beandi
723 4301 895 4370 consilium
908 4299 1133 4365 exhaurinum
1150 4297 1207 4370 do-

96 4386 210 4467 lectu,
228 4387 387 4471 nullaque
410 4385 513 4474 probe
534 4381 711 4468 laetorum,
740 4409 822 4472 quae
844 4384 1048 4465 edidissent,
1079 4381 1208 4458 ratione
1269 4456 1271 4468 Ι

132 4488 280 4542 Fritzscbe
293 4487 345 4556 Ep.
361 4489 393 4540 ad
407 4488 493 4540 itone
508 4488 538 4544 P.
555 4488 586 4542 ll.
1149 4493 1151 4500 '
