2806 5054
390 280 509 355 cnr.
531 281 658 404 vrri.
682 255 752 354 va.
777 285 899 356 rect
920 287 993 359 rc..
1049 244 1053 266 '
1109 311 1137 328 ··
1173 245 1238 393 ιιι

125 446 200 512 -Det
219 465 235 511 s
263 445 344 511 iritu
360 452 528 531 regantur,
545 446 606 510 hos
615 445 680 510 Dei
696 446 784 511 tilios
798 467 872 512 esse
885 465 926 512 ex
939 469 980 513 ec
992 447 1065 516 vult
1076 442 1222 539 intelligi

128 531 221 681 ρυοδ
237 466 379 598 llomani
402 533 567 615 (homines
579 534 696 619 procul
712 531 812 598 dubio
829 533 863 605 in
880 531 945 598 Dei
961 535 1042 600 filiis
1058 507 1234 605 numerari-⁹

12 669 13 680 ,
154 620 181 700 i)
206 638 270 682 non
288 636 353 706 quo
371 617 459 682 servi
473 616 532 682 sed
547 632 612 705 quo
628 617 661 682 in
672 617 757 700 filios
771 617 920 700 adoptati
932 626 1070 686 utantur
1081 622 1231 708 spiritum

126 703 330 789 acceperint.
373 701 447 768 Hoc
469 703 573 786 igitur
590 701 802 786 fundamcnto
820 706 888 790 Ap.
902 702 1085 793 disputatio
1100 707 1232 792 nititur,
1270 715 1272 722 '

128 790 300 875 accepisse
310 784 1250 876 liemanoscDeocpiritominfiliusadoptatispropritim.¹
1305 847 1310 864 .
1342 831 1343 838 ν

126 873 203 940 lam
226 883 327 960 quum
355 895 385 939 ν.
408 873 539 954 πνεῦμα
564 868 759 952 υίοδεσίας,
799 859 1084 959 insplendide,
1119 869 1229 942 ὄντα·
1278 915 1281 924 ·

11 997 12 1006 κ
124 954 306 1044 νήρδίυίνί
318 959 471 1042 spiritus,
491 958 550 1043 qui
567 979 627 1023 nos
640 966 709 1021 tum
724 958 885 1042 genuinos
900 957 1129 1040 Christianos,
1156 969 1227 1030 tum

56 1093 63 1100 .
125 1037 195 1108 Dei
216 1043 306 1107 illios
326 1044 438 1123 sistit,
468 1043 501 1111 lt.
523 1043 749 1117 emunctioris
770 1043 937 1108 cuiusdam
958 1045 1141 1126 divinioris,
1169 1047 1228 1114 tle-⁴

126 1129 345 1212 scriptionem
380 1128 587 1208 contineant,
619 1127 719 1196 rerba
750 1149 768 1191 ο
794 1128 906 1216 posita
931 1123 971 1195 οὗ
999 1129 1062 1216 γὰρ
1089 1126 1226 1212 ἐλάβετο

124 1215 260 1294 πνεῦμα
277 1211 441 1289 δουλείας,
459 1213 580 1302 quibus
597 1213 692 1298 cujus
708 1149 797 1277 morli
809 1233 873 1278 nott
887 1215 932 1278 ait
949 1216 1089 1302 spiritus
1104 1215 1225 1283 llonta·

123 1299 181 1375 uis
201 1299 298 1368 datus
320 1297 360 1366 P.
391 1301 544 1386 exponit,
580 1285 705 1384 etipsa
728 1297 950 1383 (imaginarii)
972 1302 1113 1366 niominis
1133 1311 1224 1375 men-

121 1384 249 1447 tionem
277 1385 538 1470 complectantur
558 1404 692 1448 necesse
713 1392 776 1450 cst.
835 1382 948 1466 Quare
971 1385 1094 1468 Grotii,
1132 1387 1223 1474 losp.

78 1531 79 1534 ,
121 1471 170 1536 al.
187 1469 458 1570 explicationem:
493 1467 624 1546 πνεῦμα
645 1465 799 1544 δουλείας
820 1469 991 1556 effectum,
1013 1492 1141 1536 sensum
1154 1494 1224 1539 cer·

11 1583 13 1608 ι
120 1575 235 1634 vorum
255 1576 278 1621 ι.
301 1577 330 1622 e.
355 1556 502 1620 servitem
524 1553 677 1637 (Galli,
703 1556 750 1636 1.)
778 1574 868 1622 roco.
890 1575 931 1618 ex
952 1555 1091 1620 adverso
1121 1557 1223 1623 ‘osita
1273 1621 1274 1630 ,

120 1641 256 1720 πνεῦμα
275 1634 453 1714 υἱοθεσίας
473 1659 536 1703 non
561 1639 751 1704 admittunt.
772 1637 951 1704 Rueciccrti
964 1647 1089 1720 autem,
1146 1643 1222 1708 ocii·

118 1721 219 1801 neri,
241 1723 337 1803 dW.‚
364 1723 495 1806 Meycri
515 1725 561 1788 cl.
585 1723 749 1811 expositio
771 1723 924 1806 spirituc,
957 1725 1222 1810 seruitutem,

11 1821 12 1824 ’
119 1809 389 1892 adoptionem
415 1809 456 1873 in
477 1806 602 1894 filios
624 1806 816 1895 offerens
838 1809 996 1896 Apostoli
1010 1813 1221 1893 argumenta-

117 1895 246 1958 tionem
270 1894 409 1974 evertit,
439 1915 525 1980 quae
546 1902 582 1957 nt
604 1903 693 1958 recte
710 1890 879 1974 decurrat,
906 1915 990 1982 opus
1006 1906 1076 1978 cst,
1098 1903 1135 1959 ut
1150 1894 1221 1962 Rc-

11 2005 15 2014 ·
118 1979 230 2042 manis
246 1979 387 2067 spiritus
404 1977 501 2043 datus
515 1980 578 2059 sit,
603 1999 668 2064 quo
688 1978 779 2042 ducti
792 1976 854 2060 pilii
874 1977 941 2043 sint
960 1979 1069 2045 aDeo
1083 1979 1223 2092 adopta-¹

116 2065 167 2146 ti,
192 2083 257 2128 non
278 2064 457 2152 aliquando
478 2063 672 2130 reddantur.
722 2063 881 2128 Animum
897 2062 1222 2134 aucentesimum

116 2191 146 2250 y.
164 2187 221 2229 νιν.
236 2168 273 2230 δ.
291 2153 340 2240 ii..
364 2155 488 2229 οὗτοί
509 2157 627 2224 εἰσιν
648 2161 829 2230 υίοίθεοίί.
850 2150 1128 2250 οίγᾶρείε.-
1148 2160 1222 2254 rici-7
1266 2229 1270 2244 ,

99 2251 173 2324 Ιλιν
197 2245 247 2324 εἰς
271 2245 394 2336 φόβον]
419 2245 523 2313 νιοίλιν
547 2269 612 2318 om.
637 2252 690 2319 17.
711 2249 765 2315 39.
789 2250 972 2337 (probante
993 2247 1103 2317 Mttttc
1124 2249 1220 2324 Prol.

116 2339 150 2418 §.
167 2335 283 2418 1490.)
306 2357 370 2423 per·
381 2335 498 2399 calami
509 2355 668 2403 errorem.
699 2334 829 2420 Quodsi
844 2343 952 2400 tamen
967 2335 1109 2401 consulto
1122 2359 1220 2403 vocu-

114 2424 152 2484 la
169 2429 304 2486 extrusa
322 2427 393 2501 est,
415 2421 496 2484 haec
509 2441 586 2486 cura
602 2419 729 2486 scribas
744 2419 1000 2501 sollicitaverat,
1021 2441 1063 2484 nc
1077 2419 1221 2490 Romani

117 2529 135 2570 a
155 2506 347 2604 magistris,
376 2506 434 2612 qui
452 2526 510 2570 eos
527 2506 561 2570 in
578 2505 728 2571 doctrinis
741 2505 860 2574 christ.
873 2505 1218 2591 primiinstituissent,

11 2601 12 2648 ἶ
116 2613 251 2673 πνευμα
276 2590 430 2667 δουλείας
449 2593 617 2681 accepisse
640 2591 841 2659 dicerentur.
897 2589 987 2655 Male
1008 2589 1100 2660 Mill.
1121 2591 1148 2661 l.
1171 2615 1218 2662 c.:

11 2665 13 2692 '
115 2675 237 2764 „quod
252 2677 384 2762 [πάλιν]
402 2676 612 2766 interjectum
628 2676 778 2756 videtur,
807 2696 847 2739 nc
861 2675 947 2740 alias
963 2675 1051 2740 haud
1066 2686 1154 2742 recte
1166 2677 1218 2743 ‹ti-

114 2770 269 2843 eeretur,
291 2762 482 2843 ecclesiam,
510 2783 591 2850 quoe
601 2761 678 2847 jam
691 2761 815 2826 Romae
835 2777 879 2824 cc
891 2759 1024 2825 deducis
1036 2756 1218 2828 maximum

112 2855 247 2933 portem
262 2847 447 2927 constabat,
472 2846 558 2911 luaud
576 2847 743 2935 accepisse
757 2843 913 2933 spiritum
930 2844 1120 2926 servitutis,
1149 2849 1217 2912 sive

115 2933 218 3016 lepem
233 2930 449 2998 mosaicum.”
483 2929 605 2998 'Nimis
622 2933 708 2996 enim
724 2929 935 3017 perspicuum
951 2935 1020 3010 est,
1048 2949 1079 2996 ν.
1097 2929 1139 2994 οίί
1151 2929 1216 3016 γὰρ

115 3013 361 3099 ἐλάβετε-ἄλλ’
381 3013 517 3099 ticoni
530 3019 588 3082 sic
609 3016 765 3081 sumenda
789 3034 880 3092 esse:
908 3012 1073 3078 nonenim
1089 3017 1217 3104 accepi·
1295 3041 1300 3048 ·

115 3101 183 3166 stis
198 3139 239 3151 -
253 3100 312 3165 sed
328 3103 505 3190 accepistis
518 3103 591 3168 scil.
607 3101 726 3168 Christi
737 3100 862 3166 domni
873 3097 971 3184 facti.
994 3094 1044 3176 εἰς
1057 3097 1098 3162 tle
1114 3101 1216 3165 conci-

115 3188 162 3252 lio
177 3208 275 3274 cape:
305 3208 368 3251 non
384 3191 469 3252 enim
484 3187 662 3275 accepistis
679 3185 833 3274 spiritum
857 3183 1031 3248 servitutis
1049 3204 1163 3249 νιινειιι
1180 3185 1215 3250 io
1249 3215 1251 3220 ·

115 3279 239 3336 mettim
261 3271 295 3337 h.
316 3294 364 3353 c.,
390 3277 426 3336 ot
447 3289 561 3338 roratis
580 3273 666 3338 vobis
686 3277 807 3336 metum
826 3269 996 3336 incuteret.
1039 3265 1091 3335 cf.
1114 3267 1221 3338 Hom.
1350 3285 1355 3294 ’

115 3355 164 3422 ll.
174 3351 297 3424 0'.310.
311 3394 353 3406 —
377 3352 506 3442 [αἰγίδα
514 3359 652 3444 Ιθοῦριν]
665 3348 753 3444 -ἢν
767 3345 834 3435 δρα
845 3346 985 3435 χαλκεύς
1010 3351 1076 3437 ΙἭ
1100 3370 1216 3430 αισνος

114 3440 181 3506 Aa·
198 3441 284 3505 δῶκε
310 3436 498 3528 φορήμεναι
517 3438 558 3518 ἐς
579 3436 714 3530 φόβου
736 3437 908 3524 ἀνδρῶν.
949 3373 1098 3526 Supini

11 3575 12 3602 ,
114 3523 237 3593 nlll.
262 3521 400 3591 διανεί
422 3527 505 3612 δρᾷς
528 3525 569 3601 ἐς
599 3525 765 3614 κέρδος,
801 3521 862 3589 oin
888 3517 992 3604 ὀκνεῖν
1013 3519 1159 3673 πρέπει.
1180 3530 1215 3588 et

117 3631 204 3698 quae
218 3610 356 3694 collegit
367 3607 585 3690 Mantineae,
609 3611 697 3690 aust.
731 3631 754 3679 t.
766 3611 822 3680 (δι.
836 3632 871 3698 p.
888 3607 998 3677 1145..
1069 3607 1215 3673 i'Lotlce-·

115 3717 155 3762 νυ
165 3697 328 3762 assensus
343 3692 392 3782 είς
400 3695 441 3760 ad
454 3699 661 3781 ευουίανι(ν.
714 3697 891 3761 attiniacum
903 3693 928 3761 l.
941 3694 985 3782 l.)
1004 3693 1130 3758 referre
1146 3713 1214 3756 ma·

116 3781 237 3865 lucris,
260 3782 444 3846 sentcntiae
460 3800 584 3846 summa
599 3803 664 3847 non
677 3787 842 3866 mutatur:
862 3798 926 3844 non
940 3778 1026 3843 enim
1039 3778 1216 3866 accepistis

115 3867 273 3968 spiritum
291 3866 482 3948 servitutis,
509 3869 559 3934 ito
570 3873 610 3933 ‚ot
623 3868 723 3932 denuo
737 3869 857 3930 metum
870 3863 1089 3955 conciperctic.
1125 3861 1159 3928 N
1162 3883 1214 3928 cm

113 3973 163 4015 src
177 3959 308 4039 quoque
322 3953 465 4017 lectores
479 3953 557 4017 olim
573 3951 726 4040 spiritum
742 3947 915 4026 servitutis
927 3943 1216 4036 aDeoaccepisse,

116 4038 175 4123 qui
190 4058 249 4121 pro
264 4042 325 4103 ινδ
339 4037 445 4105 indole
457 4049 514 4104 eos
529 4046 618 4103 metu
634 4035 825 4116 territaret,
849 4034 919 4122 Ap.
932 4031 1108 4120 significat.
1151 4033 1214 4100 Sa-

114 4140 158 4188 ne
170 4116 276 4188 πάλιν
293 4143 365 4186 eum
386 4145 420 4191 v.
440 4119 489 4200 εἰς
502 4119 611 4210 φόβου
622 4122 773 4212 proxime
787 4120 953 4201 cohaeret,
974 4116 1134 4186 sedcoce.
1148 4112 1214 4200 nciq

115 4207 168 4272 λιν
184 4201 234 4284 εἰς
246 4201 355 4293 φόβον
363 4209 531 4276 coniuncto
539 4208 641 4282 verba
648 4205 878 4298 praecedentia
894 4200 939 4272 oi
953 4202 1016 4292 γὰρ
1038 4198 1214 4288 ἐλάβετε
1273 4280 1278 4288 ,

11 4289 13 4352 ὲ
115 4293 251 4375 πνεῦμα
265 4291 419 4373 δουλείας
434 4294 621 4363 accuratius
636 4299 807 4384 exponunt
825 4298 860 4358 et
871 4285 914 4362 P.
934 4290 1005 4359 illie
1024 4290 1135 4359 verbis
1156 4287 1215 4354 εδ-

1098 3438 1215 3506 lriloct.
1263 3444 1265 3450 ’
1318 3478 1320 3482 -
