2824 5054
52 390 54 403 ·
173 381 240 456 aaa
377 335 1158 460 >arxsroaaxnlacinanus¹.
1283 459 1288 474 „

178 541 355 611 tumaoiam
382 547 416 608 et
436 537 554 631 poenis
575 561 649 607 eum
673 538 826 607 affecisse
846 537 925 628 quia
942 543 1118 604 contumax
1144 533 1295 606 luisset.

66 623 68 634 ¹
134 700 137 709 s
178 628 247 711 Sed
277 628 357 692 haec
385 627 605 716 repugnantia
639 626 784 713 simplici
815 624 1010 726 antiquitati
1038 613 1295 710 hominibusque

178 713 418 795 orientalibus,
443 713 564 799 quibus
587 711 694 800 major,
713 717 766 778 est
779 712 883 778 animi
897 719 1040 799 impetus
1058 729 1154 796 quam
1172 711 1295 776 mentis

178 799 349 868 subtilitas
379 799 502 885 quiquo
522 799 687 864 meliores
705 803 794 863 'sunt
817 801 936 884 politae
965 817 1062 882 quam
1090 794 1298 882 philosophi,
1395 849 1396 888 q

178 881 390 953 condonanda
407 893 471 953 est.
514 881 724 970 Numquam
746 892 781 948 et
795 893 911 948 cuncta
934 882 1061 946 invicto
1071 880 1136 944 Dei
1152 881 1297 968 imperio

168 967 385 1059 ‘subjicienda
399 991 474 1035 esse
486 969 649 1048 vidissent
665 977 698 1033 et
714 968 839 1034 homini
851 969 1038 1032 libertatem
1054 964 1296 1038 concedendam
1395 965 1396 1018 l

180 1078 256 1126 esse
283 1056 486 1138 sensissent,
521 1054 598 1119 dum
622 1075 707 1119 nunc
731 1055 773 1122 ab
794 1054 853 1118 illa
876 1075 961 1118 nnnc
983 1053 1025 1114 ab
1046 1051 1107 1130 hsta
1129 1052 1317 1116 sententih'
1395 1075 1396 1094 .

180 1141 471 1232 proficiscerentur
498 1141 736 1227 loquuturum
765 1161 881 1227 parum
915 1138 1003 1202 inter
1024 1159 1060 1202 se
1080 1138 1298 1219 congruentia

111 1297 113 1304 ,
181 1247 288 1376 neque
304 1225 517 1309 laborarunt,
540 1224 702 1313 quomodo
718 1224 899 1330 pugpantnia
915 1223 1003 1288 inter
1016 1245 1052 1286 sc
1068 1223 1299 1290 conciliarent.

124 1375 128 1388 „
182 1312 228 1379 Se
274 1309 415 1378 Paulum
436 1333 493 1377 eos
515 1311 741 1378 tantummodo
766 1307 873 1379 ltxcdr
892 1309 984 1373 locos
1014 1318 1189 1394 sequutum
1212 1331 1300 1394 esse,

183 1397 304 1486 quibus
335 1397 443 1464 Deam
471 1396 659 1462 Pharaonis
696 1395 839 1461 animum
879 1394 1081 1458 obstinatum
1109 1393 1300 1460 reddidisse
1395 1413 1396 1450 1

93 1506 95 1510 ·
182 1483 325 1567 legimus
347 1480 545 1568 (Meamne),
573 1485 713 1567 ethauc
739 1481 936 1546 sententiam
964 1478 1174 1545 subtilissime
1202 1481 1301 1546 r'utel-

30 1571 32 1580 ’
184 1569 301 1636 lectam
325 1588 365 1632 ex
385 1567 428 1632 iis
449 1569 644 1654 repetiisse:
681 1575 889 1632 contumaees
912 1563 1019 1633 Deum
1047 1565 1196 1629 homiues
1223 1566 1300 1629 red·
1395 1559 1396 1614 ἶ

184 1650 282 1732 dere,
303 1651 349 1717 ita
375 1659 412 1716 ut
424 1652 609 1739 pervicacia
630 1652 810 1718 necessario
830 1646 1020 1716 imbhantur
1034 1656 1069 1714 et
1082 1651 1214 1726 trustra·
1228 1651 1301 1716 Deo
1395 1647 1396 1708 l

183 1738 294 1804 obniti
306 1749 485 1824 conentur„
506 1728 678 1802 institutae
693 1735 932 1823 disputationis
948 1735 1141 1816 consilium,
1161 1737 1252 1800 ratio
1269 1747 1302 1801 ct

187 1823 360 1889 subtilitas
377 1822 506 1890 docent.
552 1821 610 1890 Ad
629 1825 721 1888 locos
738 1827 759 1887 2
775 1821 865 1890 Sam.
881 1819 1302 1902 assumtionem.
1395 1831 1396 1908 ζ

139 1970 143 1986 ,
185 1907 312 1974 trubtra
336 1905 549 1996 prouocatam
572 1915 649 1989 est‚.
670 1906 850 1995 exquibus
877 1907 936 1970 hoc
956 1926 1055 1971 unum
1079 1905 1188 1972 discas
1214 1912 1300 1973 mala
1395 1917 1396 1984 ζ

188 1995 329 2092 consilia
351 1996 558 2082 antiquiores
578 1991 752 2058 Hebraeos
772 1990 959 2081 adDenm,
981 1992 1303 2082 recentiores'majo·

188 2079 263 2145 rum
277 2100 411 2144 suorum
426 2079 591 2146 sententiat
615 2079 765 2164 deposita
785 2077 826 2142 ad
840 2077 997 2142 Satanom
1013 2085 1178 2144 auctorem
1196 2087 1303 2144 rettu·
1395 2103 1396 2146 1

188 2166 298 2234 lissa.⁴
335 2163 433 2250 Quae
456 2187 556 2254 quum
580 2165 625 2228 ita
648 2165 736 2245 sint,
769 2163 900 2229 tristem
922 2163 1019 2227 istam
1052 2160 1255 2230 sententiam
1284 2187 1304 2229 a
1395 2169 1396 2232 f

190 2248 299 2318 Paulo
319 2251 352 2318 h.
374 2251 399 2318 1.
418 2248 539 2327 dictam
560 2270 634 2314 esse
649 2251 723 2331 uiro
740 2248 857 2331 docto,
880 2249 938 2334 qui
960 2247 1091 2335 quidem
1107 2250 1177 2314 ve'ri
1190 2271 1304 2317 amoro
1330 2274 1332 2280 ’
1395 2269 1396 2280 ²

185 2335 343 2416 ducatur,
364 2335 585 2402 confitendum
600 2344 652 2399 est
666 2339 714 2418 (a.
729 2333 837 2416 Gala,
858 2334 964 2412 Bezer,
986 2334 1149 2418 Ammon„
1170 2333 1307 2415 Raetia,
1395 2359 1396 2416 g

191 2419 359 2502 Meyerus,
380 2420 455 2488 dW.
472 2421 545 2500 ah).
589 2419 686 2506 Quod
703 2418 761 2504 qui
774 2418 971 2503 theologicis
988 2419 1203 2508 praejudiciis
1216 2423 1307 2510 capti
1395 2425 1396 2502 3

191 2517 356 2590 negarunt
381 2513 486 2571 totum
514 2507 622 2571 locum
649 2514 839 2594 pervertere
865 2503 1028 2591 valdeque
1052 2506 1172 2590 nugari
1198 2509 1305 2573 coacti
1395 2503 1396 2508 ’

193 2599 283 2659 sunt.
326 2591 426 2657 Multi
449 2589 588 2658 Paulum
609 2589 628 2656 e
651 2589 831 2656 Pharaonis
846 2589 984 2656 historia
1006 2590 1085 2654 haec
1098 2591 1219 2657 docere
1234 2594 1306 2681 opi·
1395 2599 1396 2614 ¹

194 2677 264 2741 nati
278 2685 374 2744 srrnt:
404 2699 541 2764 parcere
560 2676 697 2764 quidem
711 2675 819 2741 Deum
833 2672 990 2755 Iudaeis,
1013 2678 1069 2762 qni
1084 2674 1223 2743 Christo
1236 2701 1307 2742 cre-

86 2832 89 2854 ι
194 2760 273 2826 dere
290 2763 396 2828 nolint
411 2784 600 2853 poenasque
619 2783 735 2828 eorum
756 2760 910 2840 differrea
932 2763 989 2824 ssd
1006 2763 1036 2826 si
1053 2763 1083 2824 iu
1100 2765 1307 2830 contumacia

175 2847 256 2918 suh
277 2848 479 2937 persistant,
508 2854 623 2936 postea
645 2869 720 2912 eum
741 2845 931 2913 tarditatem
962 2847 1118 2935 supplicii
1139 2852 1307 2934 gravitate

196 2944 485 3026 compensaturum
504 2955 579 3000 esse
600 2933 730 3019 (Grati,
762 2931 892 3013 Wetrt„
912 2931 1124 3015 ‘lirrrettinq
1155 2933 1307 3003 Thalnae.

124 3020 127 3027 '
196 3019 270 3103 al).
317 3017 521 3085 Pharaonem
544 3018 731 3085 voluntaria
752 3026 858 3082 semet
879 3016 1102 3082 obstinatione
1124 3018 1309 3086 obdurasse

124 3147 143 3192 ,Χ
197 3109 233 3170 et
256 3105 411 3170 voluisse
429 3103 632 3171 eum'Deum
656 3102 849 3184 emendare3
880 3102 938 3167 sed
961 3102 1024 3166 Dei
1045 3103 1226 3170 bonitatem
1248 3107 1308 3170 im-

197 3189 297 3277 probi
320 3191 462 3256 hominis
489 3190 726 3255 contumaciam
755 3189 900 3255 auxisse.
950 3185 1070 3276 ltaque
1088 3189 1309 3258 insanabilem

199 3274 305 3340 virum
327 3274 442 3347 decem.
458 3276 568 3362 plagis
589 3275 714 3338 frustra
742 3273 919 3338 coercitum
941 3272 1081 3362 denique
1108 3275 1150 3339 ad
1178 3279 1312 3365 suppli-

198 3361 286 3424 cium
299 3360 412 3426 datum
436 3382 510 3425 asse
531 3358 639 3426 Exod.
656 3360 709 3442 ΙΙ,
725 3360 777 3426 17.
791 3380 857 3444 sq..
901 3358 1049 3445 Similem
1071 3359 1143 3425 lore
1161 3363 1310 3428 obstina-

116 3505 119 3514 .
198 3452 307 3508 torum
321 3444 522 3513 Iudaeorum
537 3445 715 3524 fortunam,
735 3443 801 3508 nisi
815 3444 1024 3532 resipiscant,
1049 3441 1190 3512 Paulum
1207 3449 1311 3532 signi·
1395 3471 1396 3526 ς

200 3531 313 3600 heare.
362 3532 390 3597 F
393 3532 553 3597 ormulam
575 3530 668 3596 Deus
695 3537 911 3595 contumacem
938 3531 1078 3597 reddidit
1108 3531 1310 3599 Pharaonem

201 3616 358 3704 populari
379 3617 505 3682 trutind
522 3613 766 3702 ponderandam
788 3635 879 3692 esse,
908 3623 946 3678 ut
963 3617 1017 3680 vel
1033 3616 1074 3680 ad
1086 3615 1156 3693 Dei
1172 3620 1310 3702 permis-

201 3721 274 3766 sum
293 3704 476 3768 referatur:
503 3701 601 3767 sicit
629 3721 701 3766 eum
724 3700 817 3766 Deus
842 3698 1039 3766 obstinatum
1063 3700 1140 3786 fieri
1158 3703 1312 3806 (napa),
1395 3701 1396 3706 ’

146 3843 154 3850 ,
202 3787 256 3852 vel
285 3787 333 3852 ita
361 3788 574 3878 explanetur:
608 3785 914 3887 pervicaacmeum
941 3785 1034 3850 Deus
1063 3787 1144 3852 iecit
1170 3795 1311 3856 morena
1395 3819 1396 3872 q

202 3874 415 3938 ostendendae
429 3871 577 3938 malitiae
592 3893 622 3936 ea
633 3871 716 3936 dotat
731 3873 743 3954 (
750 3869 976 3952 Torrettiaus,
995 3872 1145 3942 Thalama.
1158 3873 1322 4024 alfflepl

1241 3983 1313 4042 rr,

204 3958 347 4050 denique
376 3958 425 4022 sio
454 3962 654 4045 exponatur:
681 3963 903 4020 contumacem
930 3963 1003 4022 eunt
1030 3955 1126 4023 Deus
1155 3980 1193 4024 re

89 4061 93 4083 ¹
205 4051 363 4130 quatenus
379 4042 505 4110 Pharao
515 4040 579 4106 Dei
592 4041 733 4108 bonitate
746 4039 864 4106 abacos
878 4049 938 4114 eat.
981 4043 1084 4108 Recte
1096 4043 1184 4110 enim
1201 4046 1312 4128 heros,

206 4148 306 4218 qurum
337 4147 483 4196 servum
497 4127 635 4192 leuitate
664 4125 726 4190 suh
749 4125 934 4207 segniorem
955 4127 1167 4216 pejoremque
1189 4130 1312 4196 factum

98 4259 101 4270 1
206 4234 283 4314 csse
299 4212 543 4337 intellexerint,
564 4210 745 4315 'deprqoaoi
764 4215 837 4275 mett
851 4212 1049 4364 iodarpputirt
1073 4236 1200 4280 emaum
1214 4218 1313 4315 uulgo

208 4297 318 4364 dicere
339 4297 446 4382 (Orap.
461 4297 503 4360 do
521 4317 694 4383 prmorpus
710 4293 778 4376 ΙΙΙ,
796 4299 902 4376 ulla,
968 4299 1119 4384 caphat,
1137 4301 1245 4372 Basti.
1259 4323 1315 4388 ap.

211 4379 299 4466 Osa,
317 4383 418 4455 schol.
433 4381 643 4466 Martha).
685 4381 811 4450 Verum
825 4382 911 4449 onim
926 4402 1004 4450 voro
1018 4405 1081 4457 uon
1096 4405 1115 4450 a
1130 4383 1319 4457 Pharaonis
