2814 5056
351 359 470 436 car.
490 358 615 437 u111.
637 351 791 439 veae.
812 371 855 434 ιι
874 367 948 440 aa..
999 337 1002 347 “
1141 371 1204 436 ιιι

95 547 197 590 casos
220 523 261 590 ad
284 525 409 590 laetam
431 524 553 590 exitum
570 523 729 614 perducat
742 533 776 592 et
791 525 915 592 alliciat
935 533 971 592 ut
986 545 1071 612 quas
1085 545 1203 596 nocere
1251 598 1255 608 ,

95 611 273 676 videantur
286 611 386 676 etiam
402 605 560 698 prosint?
580 612 627 698 (v.
643 611 697 680 31.
712 611 784 698 32.)
806 648 849 662 --
886 611 979 678 ‘Male
998 611 1203 680 Cornelium
1270 689 1273 696 .

94 697 226 782 Lepide
240 717 274 783 p.
290 697 365 764 11⁵.
389 717 519 760 versum
541 697 595 764 29.
617 698 766 784 protasia
787 698 957 781 continere
995 698 1118 778 utarit,
1137 719 1200 764 ou-

91 784 149 870 jus
169 790 368 865 argumento
384 782 531 865 graviter
541 783 687 870 repetito
707 781 817 848 verbis
833 805 860 848 r.
875 785 930 850 30.
955 721 1011 858 aba
1025 783 1068 848 δέ
1083 779 1200 866 προώ-

94 889 170 952 ρισε
192 866 352 954 apodosis
372 867 425 938 bis
447 887 536 936 voce.
556 875 712 955 concepta
730 869 777 932 sit
794 866 937 944 τούτους
963 869 1021 932 καὶ
1042 865 1198 932 dedisse.-
1292 871 1294 878 “

92 975 169 1018 near
186 974 262 1038 quos
277 960 352 1018 uate
368 952 460 1016 scivit
475 952 546 1018 lilio
561 975 623 1019 suo
636 954 762 1018 similes
776 953 849 1018 iore
873 959 906 1016 et
920 964 998 1018 ante
1013 953 1199 1034 coustituit,

91 1043 130 1100 ut
145 1039 233 1102 tales
246 1045 377 1118 essent,
407 1045 499 1100 ut-
511 1075 554 1086 -
568 1077 624 1114 -,
653 1061 729 1126 quos
753 1058 844 1104 aero
866 1039 944 1122 [aon
960 1040 1106 1126 irrqrram]
1121 1047 1198 1104 aute

91 1123 286 1200 constituit,
306 1123 368 1186 bos
389 1131 467 1188 etc..
509 1121 596 1188 Nam
617 1144 679 1188 vox
703 1122 741 1188 δέ
757 1145 788 1190 ν.
804 1125 861 1188 30.
885 1124 1017 1188 minime
1039 1129 1116 1208 apta
1133 1131 1197 1204 ast,
1255 1171 1257 1178 ι
1319 1202 1324 1216 ¹

92 1229 194 1292 quum
210 1229 316 1295 neque
331 1205 369 1272 δέ
383 1208 416 1272 iu
432 1209 560 1292 protasi
576 1230 606 1274 r.
620 1211 673 1274 29.
688 1208 865 1296 praecedat
882 1200 957 1292 [οῦς
979 1210 1023 1272 δὲ
1043 1206 1196 1294 προέγνω

90 1295 147 1356 καὶ
161 1289 368 1378 προώρισε],
391 1305 496 1377 neque
511 1293 752 1358 adversativum
769 1294 808 1358 δέ
822 1315 853 1360 v.
865 1293 920 1360 30.
936 1283 1008 1376 [οὓς
1024 1293 1065 1358 δέ
1081 1292 1196 1376 προό-

89 1381 180 1460 ρισε]
203 1377 322 1441 babeat
337 1399 401 1463 quo
416 1381 580 1444 celeratur
592 1379 764 1463 (Μέτων.
780 1377 821 1446 ad
832 1377 911 1458 vig.
929 1401 960 1459 p.
969 1379 1047 1444 844.
1062 1384 1096 1442 et
1106 1378 1194 1443 Her·

88 1469 182 1546 tarny.
202 1465 280 1544 brba.
296 1479 355 1530 bon
374 1468 427 1531 ben
448 1465 599 1542 baeticis
620 1470 646 1533 b.
664 1484 707 1550 ga.
722 1467 799 1548 &pn
817 1462 852 1544 1,
875 1464 938 1528 173
952 1465 1031 1550 sq).
1063 1461 1194 1530 Deinde

89 1547 152 1610 boc
168 1558 264 1634 pacto
275 1556 443 1653 atramque
456 1569 487 1616 v.
497 1552 528 1614 in
539 1550 666 1637 protasi
679 1551 875 1618 collocatum
891 1547 1106 1635 repetendum
1120 1547 1192 1612 lue-

88 1640 143 1695 rat
167 1628 243 1712 (οῦς
259 1631 296 1697 δέ
311 1654 462 1717 προεγνω
476 1636 532 1698 καὶ
547 1631 755 1718 προιόριοε),
778 1655 842 1698 nou
859 1634 1028 1721 posterius
1048 1640 1192 1698 tantum·

88 1716 198 1785 modo.
241 1717 329 1782 Tum
351 1717 510 1783 credibile
531 1723 600 1799 est‘,
624 1719 762 1786 Paulum
777 1740 906 1787 versum
921 1719 975 1785 28.
990 1718 1202 1784 muniturum

87 1805 164 1888 στῇ
175 1800 344 1886 προθέσει
362 1810 424 1866 τοῦ
437 1806 524 1870 θεοῦ
544 1806 725 1892 proiectum
742 1826 834 1886 esse,
856 1805 1094 1889 confirmatque
1107 1803 1192 1870 bano

87 1889 310 1974 suspicionem
326 1888 544 1952 membrorum
558 1892 657 1957 ratio.
699 1887 785 1954 Nam
800 1911 864 1954 uon
878 1889 984 1954 solum
994 1888 1103 1952 uerbis
1119 1909 1191 1953 rem

87 1995 104 2037 e
119 1974 216 2060 prius
233 1971 410 2038 memorata
424 1993 620 2061 quocunque
635 1972 730 2040 modo
745 1983 854 2038 uotam
869 1973 1132 2052 declarantibus,
1153 1981 1192 2040 ut

86 2079 149 2145 par
167 2065 261 2136 erat,
283 2053 340 2122 καί
355 2058 533 2144 praefixum
551 2069 614 2142 est,
637 2060 809 2124 sedetiam
827 2057 1008 2124 orationem
1024 2057 1192 2124 consterni

86 2143 324 2230 aequabilique
345 2143 473 2208 ratione
497 2147 658 2210 variatam
679 2166 755 2210 esse
779 2144 902 2212 rideas.
955 2143 1140 2210 Secundum
1156 2152 1192 2208 at
1275 2157 1277 2174 ¹

111 2241 243 2292 uarium
268 2227 446 2292 membrum
468 2229 611 2296 vinctum
632 2239 685 2294 eat
698 2248 760 2316 per
775 2228 829 2310 όέ,
852 2229 1005 2310 tertium,
1028 2238 1065 2293 ut
1081 2228 1189 2295 oratio

85 2250 362 2396 distingueretur,
382 2335 444 2401 per
457 2312 534 2395 καί(
545 2317 615 2380 καὶ
636 2310 694 2390 οῦς
708 2313 872 2392 ἐκάλεσε),
895 2315 1036 2403 primum
1053 2335 1112 2400 per
1124 2307 1189 2389 ὅτι,

85 2397 173 2484 quod
196 2400 439 2482 argumentatio
455 2401 617 2500 poposcit.
658 2398 733 2468 Jnm
749 2400 779 2464 si
795 2401 853 2464 illa
868 2401 1013 2486 suspicio
1030 2421 1106 2466 vera
1124 2406 1189 2480 est,

85 2483 239 2569 προέγνω
262 2507 293 2551 v.
307 2485 361 2550 29.
383 2486 493 2550 rarius
510 2484 592 2550 κατὰ
607 2480 774 2568 πρόθεσιν
791 2505 823 2553 v.
835 2485 891 2553 28.
917 2483 1117 2572 respondeat
1131 2505 1188 2549 ne-

84 2591 179 2634 cesse
194 2578 266 2650 est,
287 2591 394 2656 neque
407 2572 518 2634 valere
534 2580 645 2658 potest
659 2577 736 2636 uate
749 2570 851 2636 sciuit.
896 2570 1046 2646 Τούτους
1067 2576 1188 2651 autem,

85 2654 174 2741 quod
192 2676 263 2722 roc.
279 2653 372 2720 Gerra.
390 2679 411 2720 ο
425 2655 511 2738 Lep.
527 2655 720 2742 requisivit,
742 2654 776 2718 in
795 2647 967 2734 oiiclatet3
988 2663 1021 2718 ct
1043 2655 1188 2719 tortasse
1283 2710 1289 2724 .

83 2746 281 2822 augustetur,
309 2741 366 2826 qui
386 2741 594 2806 subtiliorem
618 2738 780 2827 quandam
802 2759 952 2818 carosam,
979 2761 1038 2802 cur
1061 2737 1110 2818 P,
1125 2739 1188 2821 bop

82 2826 227 2900 τούτους
256 2846 319 2888 nou
353 2826 548 2910 scripserit,
587 2824 855 2889 comminiscetur
882 2824 1037 2910 dicatque
1061 2825 1186 2889 idcireo
1282 2848 1286 2862 ·

82 2913 245 2978 omissum
267 2909 389 2990 rideri,
412 2912 488 2998 quia
506 2932 569 2975 nou
585 2919 758 2996 tantopere
771 2907 913 2974 discreta
933 2909 978 2972 sit
1000 2905 1187 2994 ἡπρόγνω·

83 2993 136 3072 τίς
159 2990 196 3082 (ἡ
219 2993 404 3079 πρόθεσις)
432 2996 494 3063 τοῦ
514 2998 601 3061 θεοῦ
622 3017 640 3060 a
663 2997 711 3082 aqi
733 2992 951 3082 προορισμῷ,
980 3000 1185 3080 quantopere

82 3073 332 3166 όπροορισμός
352 3101 369 3142 a
388 3079 430 3165 τῇ
450 3079 567 3164 κλήσει
588 3081 684 3145 etsie
704 3099 818 3168 porro.
858 3077 993 3145 Puerile
1007 3085 1060 3144 est
1080 3078 1185 3160 euim,

10 3173 12 3218 l
80 3167 115 3230 in
145 3164 340 3252 hujusmodi
365 3170 466 3230 rebus
493 3187 652 3230 summam
673 3163 944 3251 aequabilitatem
972 3185 992 3226 a
1020 3162 1186 3252 scriptore

80 3253 269 3338 postulare.
314 3249 418 3314 Recte
431 3250 535 3333 igitur
550 3259 675 3315 tantum
690 3272 754 3315 nou
767 3270 880 3314 omues
891 3249 1092 3336 interpretes
1105 3270 1187 3337 apo·

80 3337 213 3400 dosiua
231 3335 340 3400 verbis
351 3337 408 3399 καὶ
420 3335 592 3419 προιόριοε
607 3336 754 3422 incipere
767 3339 968 3401 statuerunt.
999 3333 1186 3400 Generatim

81 3443 165 3487 saue
187 3419 228 3488 P.
242 3423 402 3507 loquutus
421 3430 473 3484 est
489 3416 542 3486 ὅτι
564 3414 635 3498 οῦς
647 3419 799 3506 προέγνω
812 3423 868 3484 καὶ
883 3414 1057 3506 προιόρισε
1070 3455 1109 3468 -
1121 3455 1184 3488 -.

10 3547 12 3570 ι
81 3497 157 3582 σῦς
174 3507 213 3572 δὲ
233 3503 425 3593 προωρισε,
446 3505 625 3582 τούτους
646 3529 678 3573 κ.
699 3503 838 3572 ἐκάλεσε
852 3498 928 3570 aci..
975 3502 1041 3568 Sed
1058 3525 1111 3569 res
1131 3510 1184 3568 ta·

79 3613 158 3656 naen
173 3590 335 3679 ejusmodi
348 3597 417 3667 est,
440 3600 477 3654 ut
496 3592 529 3654 in
552 3592 624 3676 pios
638 3590 835 3658 Christianos
855 3584 1081 3654 tantummodo
1102 3610 1184 3674 qua·
1231 3611 1233 3615 ’

80 3677 178 3758 dret,
199 3677 239 3740 de
260 3676 372 3761 quibem
395 3676 434 3740 P.
453 3676 597 3762 disputat
617 3677 664 3762 (u.
676 3696 708 3740 v.
724 3675 808 3762 28,).
850 3672 938 3738 Nam
953 3672 995 3736 ad
1015 3674 1075 3736 bos
1090 3676 1183 3738 solos

78 3757 120 3848 (ἢ
138 3762 325 3846 πρόθεσις)
348 3757 367 3845 ἦ
388 3754 597 3845 πρόγνωσις,
626 3756 643 3825 ὁ
664 3753 876 3847 προορισμός
895 3768 929 3822 et
954 3751 1107 3843 ἧέκλογή
1122 3758 1184 3824 τοῦ

79 3847 171 3912 θεοῦ
182 3845 354 3934 pertinent
372 3844 459 3933 Epir.
475 3848 506 3926 l,
520 3844 543 3908 4
556 3866 607 3931 sq.
623 3847 676 3914 ll.
698 3841 825 3912 lPstr.
841 3846 872 3924 l,
884 3844 930 3910 2..
967 3840 1086 3927 Neque
1098 3863 1183 3929 opus

79 3942 175 4014 erat,
199 3940 236 3996 ut
255 3933 326 4020 Ap.
343 3931 539 4020 Subjectum
554 3930 680 3995 diserte
695 3928 834 3994 adderet
846 3926 900 3994 ότι
917 3915 977 4004 οῦς
991 3924 1143 4011 προέγνω
1161 3923 1181 3993 ό

79 4016 198 4093 θεός.
242 4013 282 4080 In
303 4015 464 4082 neminem
485 4016 570 4080 euim
584 4012 623 4084 τό
641 4013 899 4101 προγινώσκειν,
922 4008 959 4075 τό
973 4005 1182 4097 προορίζειν,

78 4102 116 4168 τὸ
142 4102 257 4166 καλεῖν
265 4103 275 4178 ,“
305 4098 342 4165 τὸ
363 4103 515 4166 δικαιοῦν
533 4108 567 4164 et
587 4100 623 4167 τὸ
647 4097 800 4182 δοξάζειν
818 4096 907 4161 cadit
927 4096 992 4160 nisi
1014 4095 1047 4159 io
1062 4096 1181 4164 Deum.

78 4177 142 4264 silc
160 4183 329 4271 προέγνω]
351 4185 579 4273 Explicatores
592 4186 771 4271 dapusiino
787 4184 979 4271 superiores
1001 4191 1035 4246 et
1048 4180 1183 4246 inferio-

79 4275 133 4338 ris
149 4274 273 4338 aetatis
287 4271 445 4359 permulti
461 4275 508 4353 (r.
519 4293 549 4338 c.
566 4270 714 4352 Teletos,
735 4269 863 4350 Colca,
890 4266 1012 4352 Kopp„
1035 4265 1185 4345 Ammon,

81 4357 259 4440 Rursum„
291 4356 413 4437 stara,
441 4352 574 4442 aeica,
609 4354 1006 4442 Waa1.,Mepermat.),
1035 4351 1192 4461 aeDeus
1321 4401 1324 4414 .
