<?xml version="1.0" encoding="UTF-8"?>
<!DOCTYPE html PUBLIC "-//W3C//DTD XHTML 1.0 Transitional//EN"
    "http://www.w3.org/TR/xhtml1/DTD/xhtml1-transitional.dtd">
<html xmlns="http://www.w3.org/1999/xhtml" xml:lang="en" lang="en">
 <head>
  <title>
</title>
<meta http-equiv="Content-Type" content="text/html;charset=utf-8" />
  <meta name='ocr-system' content='tesseract 3.04.00' />
  <meta name='ocr-capabilities' content='ocr_page ocr_carea ocr_par ocr_line ocrx_word'/>
</head>
<body>
  <div class='ocr_page' id='page_1' title='image "./pauliadromanose00fritgoog_0200.png"; bbox 0 0 2814 5056; ppageno 0'>
   <div class='ocr_carea' id='block_1_1' title="bbox 345 341 1199 430">
    <p class='ocr_par' dir='ltr' id='par_1_1' title="bbox 345 291 1199 430">
     <span class='ocr_line' id='line_1_1' title="bbox 345 341 1199 430; baseline -0.001 -14"><span class='ocrx_word' id='word_1_1' title='bbox 345 341 464 416; x_wconf 80' lang='lat' dir='ltr'><strong>cnr.</strong></span> <span class='ocrx_word' id='word_1_2' title='bbox 488 341 614 415; x_wconf 86' lang='lat' dir='ltr'>v111.</span> <span class='ocrx_word' id='word_1_3' title='bbox 637 343 706 430; x_wconf 62' lang='lat' dir='ltr'><strong>us.</strong></span> <span class='ocrx_word' id='word_1_4' title='bbox 728 347 794 415; x_wconf 79' lang='lat' dir='ltr'><strong>cn..</strong></span> <span class='ocrx_word' id='word_1_5' title='bbox 811 353 851 411; x_wconf 75' lang='lat' dir='ltr'><strong>u</strong></span> <span class='ocrx_word' id='word_1_6' title='bbox 870 345 945 416; x_wconf 78' lang='lat' dir='ltr'><strong>er..</strong></span> <span class='ocrx_word' id='word_1_7' title='bbox 1135 345 1199 416; x_wconf 85' lang='grc' dir='ltr'><strong>ιιι</strong></span> 
     </span>
    </p>
   </div>
   <div class='ocr_carea' id='block_1_2' title="bbox 33 477 1241 2300">
    <p class='ocr_par' dir='ltr' id='par_1_2' title="bbox 33 477 1241 2300">
     <span class='ocr_line' id='line_1_2' title="bbox 103 477 1199 596; baseline -0.002 -22"><span class='ocrx_word' id='word_1_8' title='bbox 103 503 237 592; x_wconf 79' lang='lat' dir='ltr'><strong>intelligi</strong></span> <span class='ocrx_word' id='word_1_9' title='bbox 250 511 437 596; x_wconf 80' lang='lat' dir='ltr'><strong>nequeunt:</strong></span> <span class='ocrx_word' id='word_1_10' title='bbox 458 477 655 572; x_wconf 72' lang='lat' dir='ltr'><strong>intercedhre</strong></span> <span class='ocrx_word' id='word_1_11' title='bbox 668 504 823 594; x_wconf 79' lang='lat' dir='ltr'><strong>spiritum</strong></span> <span class='ocrx_word' id='word_1_12' title='bbox 846 527 875 573; x_wconf 87' lang='lat' dir='ltr'><strong>e.</strong></span> <span class='ocrx_word' id='word_1_13' title='bbox 893 506 1046 591; x_wconf 69' lang='lat' dir='ltr'><strong>uemcndo</strong></span> <span class='ocrx_word' id='word_1_14' title='bbox 1066 512 1100 572; x_wconf 90' lang='lat' dir='ltr'><strong>et</strong></span> <span class='ocrx_word' id='word_1_15' title='bbox 1120 525 1199 572; x_wconf 89' lang='lat' dir='ltr'><strong>con-</strong></span> 
     </span>
     <span class='ocr_line' id='line_1_3' title="bbox 103 585 1241 680; baseline 0.003 -24"><span class='ocrx_word' id='word_1_16' title='bbox 103 593 203 656; x_wconf 83' lang='lat' dir='ltr'><strong>tirmst</strong></span> <span class='ocrx_word' id='word_1_17' title='bbox 217 593 301 658; x_wconf 80' lang='lat' dir='ltr'><strong>hunc</strong></span> <span class='ocrx_word' id='word_1_18' title='bbox 317 592 625 680; x_wconf 71' lang='lat' dir='ltr'><strong>interpretationem</strong></span> <span class='ocrx_word' id='word_1_19' title='bbox 641 611 671 659; x_wconf 85' lang='lat' dir='ltr'><strong>r.</strong></span> <span class='ocrx_word' id='word_1_20' title='bbox 685 593 757 671; x_wconf 62' lang='lat'><strong>27„</strong></span> <span class='ocrx_word' id='word_1_21' title='bbox 779 591 835 656; x_wconf 78' lang='lat' dir='ltr'><strong>nihi</strong></span> <span class='ocrx_word' id='word_1_22' title='bbox 851 599 885 656; x_wconf 90' lang='lat' dir='ltr'><strong>et</strong></span> <span class='ocrx_word' id='word_1_23' title='bbox 897 587 935 656; x_wconf 80' lang='grc' dir='ltr'><strong>τὸ</strong></span> <span class='ocrx_word' id='word_1_24' title='bbox 951 587 1109 678; x_wconf 81' lang='grc' dir='ltr'><strong><em>φρόνημα</em></strong></span> <span class='ocrx_word' id='word_1_25' title='bbox 1123 585 1199 658; x_wconf 74' lang='grc' dir='ltr'><strong>τοῦ</strong></span> <span class='ocrx_word' id='word_1_26' title='bbox 1232 645 1241 658; x_wconf 77' lang='grc'><strong><em>,</em></strong></span> 
     </span>
     <span class='ocr_line' id='line_1_4' title="bbox 106 671 1199 762; baseline -0.001 -20"><span class='ocrx_word' id='word_1_27' title='bbox 106 674 341 762; x_wconf 76' lang='grc' dir='ltr'><strong><em>[στενάξαντος]</em></strong></span> <span class='ocrx_word' id='word_1_28' title='bbox 357 671 500 758; x_wconf 68' lang='lat' dir='ltr'><strong>Huncin</strong></span> <span class='ocrx_word' id='word_1_29' title='bbox 511 697 610 753; x_wconf 79' lang='grc' dir='ltr'><strong><em>ατος</em></strong></span> <span class='ocrx_word' id='word_1_30' title='bbox 626 685 899 740; x_wconf 83' lang='lat' dir='ltr'><strong>commemoretur</strong></span> <span class='ocrx_word' id='word_1_31' title='bbox 911 685 943 740; x_wconf 91' lang='lat' dir='ltr'><strong>et</strong></span> <span class='ocrx_word' id='word_1_32' title='bbox 965 673 1011 740; x_wconf 85' lang='grc' dir='ltr'><strong>τὸ</strong></span> <span class='ocrx_word' id='word_1_33' title='bbox 1027 673 1199 757; x_wconf 79' lang='grc' dir='ltr'><strong><em>Πνεῦμα</em></strong></span> 
     </span>
     <span class='ocr_line' id='line_1_5' title="bbox 102 754 1200 846; baseline 0.001 -20"><span class='ocrx_word' id='word_1_34' title='bbox 102 756 176 826; x_wconf 83' lang='grc' dir='ltr'><strong><em>κατά</em></strong></span> <span class='ocrx_word' id='word_1_35' title='bbox 189 760 274 826; x_wconf 74' lang='grc' dir='ltr'><strong><em>θεὸν</em></strong></span> <span class='ocrx_word' id='word_1_36' title='bbox 286 757 490 846; x_wconf 74' lang='grc' dir='ltr'><strong>ἐντυγχάνειν</strong></span> <span class='ocrx_word' id='word_1_37' title='bbox 504 754 592 845; x_wconf 70' lang='grc' dir='ltr'><strong>ὑπὲρ</strong></span> <span class='ocrx_word' id='word_1_38' title='bbox 610 759 713 846; x_wconf 80' lang='grc' dir='ltr'><strong><em>ἁγίων</em></strong></span> <span class='ocrx_word' id='word_1_39' title='bbox 733 761 858 828; x_wconf 84' lang='lat' dir='ltr'><strong>diserte</strong></span> <span class='ocrx_word' id='word_1_40' title='bbox 879 761 1014 829; x_wconf 88' lang='lat' dir='ltr'><strong>dicitur.</strong></span> <span class='ocrx_word' id='word_1_41' title='bbox 1057 759 1200 828; x_wconf 76' lang='lat' dir='ltr'><strong>Accedit</strong></span> 
     </span>
     <span class='ocr_line' id='line_1_6' title="bbox 103 844 1199 934; baseline -0.001 -22"><span class='ocrx_word' id='word_1_42' title='bbox 103 844 196 912; x_wconf 84' lang='lat' dir='ltr'><strong>illud:</strong></span> <span class='ocrx_word' id='word_1_43' title='bbox 217 847 413 914; x_wconf 73' lang='lat' dir='ltr'><strong>discernitur</strong></span> <span class='ocrx_word' id='word_1_44' title='bbox 427 871 456 916; x_wconf 90' lang='lat' dir='ltr'><strong>v.</strong></span> <span class='ocrx_word' id='word_1_45' title='bbox 469 849 525 916; x_wconf 84' lang='lat'><strong>26.</strong></span> <span class='ocrx_word' id='word_1_46' title='bbox 543 844 582 912; x_wconf 84' lang='lat' dir='ltr'><strong>cd</strong></span> <span class='ocrx_word' id='word_1_47' title='bbox 598 847 736 928; x_wconf 74' lang='grc' dir='ltr'><strong><em>Πνεῦμα</em></strong></span> <span class='ocrx_word' id='word_1_48' title='bbox 755 869 772 912; x_wconf 86' lang='lat' dir='ltr'><strong>e</strong></span> <span class='ocrx_word' id='word_1_49' title='bbox 792 847 892 915; x_wconf 56' lang='lat' dir='ltr'><strong>*nohis</strong></span> <span class='ocrx_word' id='word_1_50' title='bbox 914 845 955 912; x_wconf 82' lang='lat' dir='ltr'><strong>ed</strong></span> <span class='ocrx_word' id='word_1_51' title='bbox 976 847 1040 911; x_wconf 89' lang='lat' dir='ltr'><strong>rite</strong></span> <span class='ocrx_word' id='word_1_52' title='bbox 1059 867 1199 934; x_wconf 80' lang='lat' dir='ltr'><strong>precen-</strong></span> 
     </span>
     <span class='ocr_line' id='line_1_7' title="bbox 103 932 1209 1024; baseline 0.001 -29"><span class='ocrx_word' id='word_1_53' title='bbox 103 932 171 1007; x_wconf 79' lang='lat' dir='ltr'><strong>duun</strong></span> <span class='ocrx_word' id='word_1_54' title='bbox 183 932 310 1020; x_wconf 84' lang='lat' dir='ltr'><strong>ineptis</strong></span> <span class='ocrx_word' id='word_1_55' title='bbox 321 943 355 998; x_wconf 89' lang='lat' dir='ltr'><strong>et</strong></span> <span class='ocrx_word' id='word_1_56' title='bbox 370 933 493 998; x_wconf 88' lang='lat' dir='ltr'><strong>dicitur</strong></span> <span class='ocrx_word' id='word_1_57' title='bbox 506 932 573 1000; x_wconf 86' lang='lat' dir='ltr'><strong>div.</strong></span> <span class='ocrx_word' id='word_1_58' title='bbox 590 932 731 1020; x_wconf 80' lang='lat' dir='ltr'><strong>spiritus</strong></span> <span class='ocrx_word' id='word_1_59' title='bbox 749 933 781 999; x_wconf 88' lang='lat' dir='ltr'><strong>iu</strong></span> <span class='ocrx_word' id='word_1_60' title='bbox 796 941 941 1000; x_wconf 80' lang='lat' dir='ltr'><strong>nentrum</strong></span> <span class='ocrx_word' id='word_1_61' title='bbox 954 934 1008 1020; x_wconf 82' lang='lat' dir='ltr'><strong>qui</strong></span> <span class='ocrx_word' id='word_1_62' title='bbox 1021 939 1109 998; x_wconf 86' lang='lat' dir='ltr'><strong>recte</strong></span> <span class='ocrx_word' id='word_1_63' title='bbox 1121 953 1209 1024; x_wconf 36' lang='lat' dir='ltr'><strong>pre-¹</strong></span> 
     </span>
     <span class='ocr_line' id='line_1_8' title="bbox 101 1017 1199 1108; baseline 0.001 -26"><span class='ocrx_word' id='word_1_64' title='bbox 101 1017 239 1082; x_wconf 84' lang='lat' dir='ltr'><strong>corinun</strong></span> <span class='ocrx_word' id='word_1_65' title='bbox 250 1021 410 1101; x_wconf 78' lang='lat' dir='ltr'><strong>prosimus</strong></span> <span class='ocrx_word' id='word_1_66' title='bbox 429 1019 560 1084; x_wconf 75' lang='lat' dir='ltr'><strong>tectim</strong></span> <span class='ocrx_word' id='word_1_67' title='bbox 581 1018 757 1084; x_wconf 73' lang='lat' dir='ltr'><strong>succedere</strong></span> <span class='ocrx_word' id='word_1_68' title='bbox 777 1039 876 1106; x_wconf 87' lang='lat' dir='ltr'><strong>quum</strong></span> <span class='ocrx_word' id='word_1_69' title='bbox 900 1017 987 1106; x_wconf 83' lang='lat' dir='ltr'><strong>apud</strong></span> <span class='ocrx_word' id='word_1_70' title='bbox 1004 1017 1113 1082; x_wconf 82' lang='lat' dir='ltr'><strong>&#39;Deum</strong></span> <span class='ocrx_word' id='word_1_71' title='bbox 1135 1038 1199 1108; x_wconf 83' lang='lat' dir='ltr'><strong>pro</strong></span> 
     </span>
     <span class='ocr_line' id='line_1_9' title="bbox 102 1100 1201 1191; baseline 0.004 -27"><span class='ocrx_word' id='word_1_72' title='bbox 102 1100 187 1166; x_wconf 75' lang='lat' dir='ltr'><strong>trebie</strong></span> <span class='ocrx_word' id='word_1_73' title='bbox 203 1105 355 1168; x_wconf 81' lang='lat' dir='ltr'><strong>mortalis</strong></span> <span class='ocrx_word' id='word_1_74' title='bbox 370 1105 519 1191; x_wconf 78' lang='lat' dir='ltr'><strong>corporis</strong></span> <span class='ocrx_word' id='word_1_75' title='bbox 538 1124 638 1168; x_wconf 86' lang='lat' dir='ltr'><strong>onere</strong></span> <span class='ocrx_word' id='word_1_76' title='bbox 661 1104 789 1190; x_wconf 78' lang='lat' dir='ltr'><strong>prensis</strong></span> <span class='ocrx_word' id='word_1_77' title='bbox 811 1127 841 1171; x_wconf 89' lang='grc' dir='ltr'><strong>ν.</strong></span> <span class='ocrx_word' id='word_1_78' title='bbox 869 1104 921 1171; x_wconf 85' lang='grc'><strong>18.</strong></span> <span class='ocrx_word' id='word_1_79' title='bbox 941 1103 996 1171; x_wconf 82' lang='lat'><strong>23.</strong></span> <span class='ocrx_word' id='word_1_80' title='bbox 1015 1101 1201 1168; x_wconf 83' lang='lat' dir='ltr'><strong>intercedet</strong></span> 
     </span>
     <span class='ocr_line' id='line_1_10' title="bbox 102 1185 1200 1276; baseline 0.005 -28"><span class='ocrx_word' id='word_1_81' title='bbox 102 1185 270 1266; x_wconf 68' lang='lat' dir='ltr'><strong>gemendo,</strong></span> <span class='ocrx_word' id='word_1_82' title='bbox 293 1210 356 1252; x_wconf 90' lang='lat' dir='ltr'><strong>non</strong></span> <span class='ocrx_word' id='word_1_83' title='bbox 379 1188 556 1276; x_wconf 85' lang='lat' dir='ltr'><strong>loquendo.</strong></span> <span class='ocrx_word' id='word_1_84' title='bbox 600 1187 688 1252; x_wconf 86' lang='lat' dir='ltr'><strong>Hinc</strong></span> <span class='ocrx_word' id='word_1_85' title='bbox 713 1212 775 1254; x_wconf 90' lang='lat' dir='ltr'><strong>nou</strong></span> <span class='ocrx_word' id='word_1_86' title='bbox 799 1188 1116 1276; x_wconf 77' lang='lat' dir='ltr'><strong>pioeChristienos,</strong></span> <span class='ocrx_word' id='word_1_87' title='bbox 1139 1186 1200 1254; x_wconf 83' lang='lat' dir='ltr'><strong>sed</strong></span> 
     </span>
     <span class='ocr_line' id='line_1_11' title="bbox 99 1271 1200 1358; baseline 0.006 -22"><span class='ocrx_word' id='word_1_88' title='bbox 99 1271 157 1338; x_wconf 85' lang='lat' dir='ltr'><strong>din.</strong></span> <span class='ocrx_word' id='word_1_89' title='bbox 168 1272 321 1357; x_wconf 75' lang='lat' dir='ltr'><strong>spiritum</strong></span> <span class='ocrx_word' id='word_1_90' title='bbox 336 1274 379 1338; x_wconf 85' lang='lat' dir='ltr'><strong>iis</strong></span> <span class='ocrx_word' id='word_1_91' title='bbox 391 1277 614 1340; x_wconf 78' lang='lat' dir='ltr'><strong>consulentem</strong></span> <span class='ocrx_word' id='word_1_92' title='bbox 631 1295 760 1358; x_wconf 81' lang='lat' dir='ltr'><strong>gemere</strong></span> <span class='ocrx_word' id='word_1_93' title='bbox 776 1273 948 1340; x_wconf 87' lang='lat' dir='ltr'><strong>coniicitur</strong></span> <span class='ocrx_word' id='word_1_94' title='bbox 964 1277 1009 1356; x_wconf 86' lang='lat' dir='ltr'><strong>(v.</strong></span> <span class='ocrx_word' id='word_1_95' title='bbox 1024 1272 1146 1339; x_wconf 87' lang='lat' dir='ltr'><strong>librum</strong></span> <span class='ocrx_word' id='word_1_96' title='bbox 1156 1295 1200 1344; x_wconf 87' lang='grc' dir='ltr'><strong>ιιι.</strong></span> 
     </span>
     <span class='ocr_line' id='line_1_12' title="bbox 102 1355 1200 1447; baseline 0.001 -23"><span class='ocrx_word' id='word_1_97' title='bbox 102 1355 396 1442; x_wconf 64' lang='lat' dir='ltr'><strong>continuerimus.</strong></span> <span class='ocrx_word' id='word_1_98' title='bbox 413 1379 450 1430; x_wconf 83' lang='lat' dir='ltr'><strong>nu.</strong></span> <span class='ocrx_word' id='word_1_99' title='bbox 471 1382 504 1447; x_wconf 86' lang='lat' dir='ltr'><strong>p.</strong></span> <span class='ocrx_word' id='word_1_100' title='bbox 525 1361 580 1428; x_wconf 86' lang='lat'><strong>73.</strong></span> <span class='ocrx_word' id='word_1_101' title='bbox 602 1371 671 1447; x_wconf 84' lang='lat' dir='ltr'><strong>sq.)</strong></span> <span class='ocrx_word' id='word_1_102' title='bbox 687 1360 734 1442; x_wconf 46' lang='lat' dir='ltr'><strong>n),</strong></span> <span class='ocrx_word' id='word_1_103' title='bbox 779 1359 852 1424; x_wconf 88' lang='lat' dir='ltr'><strong>Hoc</strong></span> <span class='ocrx_word' id='word_1_104' title='bbox 873 1359 1065 1447; x_wconf 79' lang='lat' dir='ltr'><strong>quaeritur,</strong></span> <span class='ocrx_word' id='word_1_105' title='bbox 1088 1365 1200 1425; x_wconf 86' lang='lat' dir='ltr'><strong>utrum</strong></span> 
     </span>
     <span class='ocr_line' id='line_1_13' title="bbox 101 1443 1199 1552; baseline 0.005 -48"><span class='ocrx_word' id='word_1_106' title='bbox 101 1444 233 1527; x_wconf 83' lang='lat' dir='ltr'><strong>spiritus</strong></span> <span class='ocrx_word' id='word_1_107' title='bbox 253 1465 282 1511; x_wconf 84' lang='lat' dir='ltr'><strong>e.</strong></span> <span class='ocrx_word' id='word_1_108' title='bbox 305 1446 400 1509; x_wconf 84' lang='lat' dir='ltr'><strong>nobie</strong></span> <span class='ocrx_word' id='word_1_109' title='bbox 422 1467 516 1552; x_wconf 67' lang='lat' dir='ltr'><strong>opem</strong></span> <span class='ocrx_word' id='word_1_110' title='bbox 538 1445 670 1510; x_wconf 80' lang='lat' dir='ltr'><strong>iuturus</strong></span> <span class='ocrx_word' id='word_1_111' title='bbox 691 1447 726 1510; x_wconf 89' lang='lat' dir='ltr'><strong>in</strong></span> <span class='ocrx_word' id='word_1_112' title='bbox 754 1445 838 1511; x_wconf 86' lang='lat' dir='ltr'><strong>coelo</strong></span> <span class='ocrx_word' id='word_1_113' title='bbox 858 1466 899 1508; x_wconf 87' lang='lat' dir='ltr'><strong>en</strong></span> <span class='ocrx_word' id='word_1_114' title='bbox 920 1445 1006 1510; x_wconf 84' lang='lat' dir='ltr'><strong>intus</strong></span> <span class='ocrx_word' id='word_1_115' title='bbox 1026 1443 1199 1510; x_wconf 78' lang='lat' dir='ltr'><strong>inanimis</strong></span> 
     </span>
     <span class='ocr_line' id='line_1_14' title="bbox 100 1527 1201 1631; baseline 0.004 -41"><span class='ocrx_word' id='word_1_116' title='bbox 100 1527 344 1611; x_wconf 75' lang='lat' dir='ltr'><strong>nontrisgemnt.</strong></span> <span class='ocrx_word' id='word_1_117' title='bbox 386 1527 647 1610; x_wconf 74' lang='lat' dir='ltr'><strong>illucententii,</strong></span> <span class='ocrx_word' id='word_1_118' title='bbox 669 1551 766 1616; x_wconf 86' lang='lat' dir='ltr'><strong>quum</strong></span> <span class='ocrx_word' id='word_1_119' title='bbox 788 1532 813 1596; x_wconf 90' lang='grc' dir='ltr'><strong>Ι.</strong></span> <span class='ocrx_word' id='word_1_120' title='bbox 834 1550 861 1594; x_wconf 93' lang='lat' dir='ltr'><strong>c.</strong></span> <span class='ocrx_word' id='word_1_121' title='bbox 883 1527 1032 1610; x_wconf 86' lang='lat' dir='ltr'><strong>delendi,</strong></span> <span class='ocrx_word' id='word_1_122' title='bbox 1058 1527 1201 1631; x_wconf 74' lang='lat' dir='ltr'><strong>probatis</strong></span> 
     </span>
     <span class='ocr_line' id='line_1_15' title="bbox 101 1609 1200 1704; baseline 0.002 -28"><span class='ocrx_word' id='word_1_123' title='bbox 101 1609 137 1680; x_wconf 81' lang='lat' dir='ltr'><strong>P.</strong></span> <span class='ocrx_word' id='word_1_124' title='bbox 151 1613 209 1676; x_wconf 88' lang='lat' dir='ltr'><strong>hec</strong></span> <span class='ocrx_word' id='word_1_125' title='bbox 226 1615 386 1682; x_wconf 83' lang='lat' dir='ltr'><strong>nlliruret:</strong></span> <span class='ocrx_word' id='word_1_126' title='bbox 409 1617 564 1702; x_wconf 83' lang='lat' dir='ltr'><strong>spiritum</strong></span> <span class='ocrx_word' id='word_1_127' title='bbox 581 1638 610 1683; x_wconf 85' lang='lat' dir='ltr'><strong>s.</strong></span> <span class='ocrx_word' id='word_1_128' title='bbox 631 1636 693 1704; x_wconf 84' lang='lat' dir='ltr'><strong>pro</strong></span> <span class='ocrx_word' id='word_1_129' title='bbox 708 1613 929 1696; x_wconf 78' lang='lat' dir='ltr'><strong>Christianis,</strong></span> <span class='ocrx_word' id='word_1_130' title='bbox 957 1614 1016 1702; x_wconf 83' lang='lat' dir='ltr'><strong>qni</strong></span> <span class='ocrx_word' id='word_1_131' title='bbox 1037 1623 1102 1679; x_wconf 82' lang='lat' dir='ltr'><strong>rste</strong></span> <span class='ocrx_word' id='word_1_132' title='bbox 1124 1633 1200 1701; x_wconf 86' lang='lat' dir='ltr'><strong>prc-</strong></span> 
     </span>
     <span class='ocr_line' id='line_1_16' title="bbox 100 1696 1201 1789; baseline 0.004 -29"><span class='ocrx_word' id='word_1_133' title='bbox 100 1696 162 1760; x_wconf 84' lang='lat' dir='ltr'><strong>cnri</strong></span> <span class='ocrx_word' id='word_1_134' title='bbox 177 1701 383 1780; x_wconf 79' lang='lat' dir='ltr'><strong>nesciemus,</strong></span> <span class='ocrx_word' id='word_1_135' title='bbox 403 1703 439 1767; x_wconf 87' lang='lat' dir='ltr'><strong>in</strong></span> <span class='ocrx_word' id='word_1_136' title='bbox 458 1701 644 1769; x_wconf 75' lang='lat' dir='ltr'><strong>coelestium</strong></span> <span class='ocrx_word' id='word_1_137' title='bbox 664 1700 797 1766; x_wconf 75' lang='lat' dir='ltr'><strong>ennodio</strong></span> <span class='ocrx_word' id='word_1_138' title='bbox 817 1699 906 1789; x_wconf 86' lang='lat' dir='ltr'><strong>epud</strong></span> <span class='ocrx_word' id='word_1_139' title='bbox 921 1699 1031 1766; x_wconf 87' lang='lat' dir='ltr'><strong>Deum</strong></span> <span class='ocrx_word' id='word_1_140' title='bbox 1053 1701 1086 1764; x_wconf 94' lang='lat' dir='ltr'><strong>in</strong></span> <span class='ocrx_word' id='word_1_141' title='bbox 1106 1697 1201 1782; x_wconf 78' lang='lat' dir='ltr'><strong>regini</strong></span> 
     </span>
     <span class='ocr_line' id='line_1_17' title="bbox 100 1781 1200 1873; baseline 0.005 -28"><span class='ocrx_word' id='word_1_142' title='bbox 100 1781 178 1847; x_wconf 74' lang='lat' dir='ltr'><strong>celici</strong></span> <span class='ocrx_word' id='word_1_143' title='bbox 192 1787 409 1850; x_wconf 86' lang='lat' dir='ltr'><strong>constitutum</strong></span> <span class='ocrx_word' id='word_1_144' title='bbox 422 1792 457 1850; x_wconf 93' lang='lat' dir='ltr'><strong>et</strong></span> <span class='ocrx_word' id='word_1_145' title='bbox 472 1787 626 1851; x_wconf 80' lang='lat' dir='ltr'><strong>coelitum</strong></span> <span class='ocrx_word' id='word_1_146' title='bbox 641 1786 761 1850; x_wconf 75' lang='lat' dir='ltr'><strong>cononici</strong></span> <span class='ocrx_word' id='word_1_147' title='bbox 778 1786 934 1873; x_wconf 80' lang='lat' dir='ltr'><strong>stipatum</strong></span> <span class='ocrx_word' id='word_1_148' title='bbox 951 1784 1126 1872; x_wconf 81' lang='lat' dir='ltr'><strong>deprecari</strong></span> <span class='ocrx_word' id='word_1_149' title='bbox 1141 1805 1200 1869; x_wconf 76' lang='lat' dir='ltr'><strong>ge·</strong></span> 
     </span>
     <span class='ocr_line' id='line_1_18' title="bbox 103 1867 1201 1958; baseline 0.011 -30"><span class='ocrx_word' id='word_1_150' title='bbox 103 1867 249 1948; x_wconf 77' lang='lat' dir='ltr'><strong>mitibus,</strong></span> <span class='ocrx_word' id='word_1_151' title='bbox 273 1893 334 1936; x_wconf 90' lang='lat' dir='ltr'><strong>uuu</strong></span> <span class='ocrx_word' id='word_1_152' title='bbox 349 1872 460 1936; x_wconf 86' lang='lat' dir='ltr'><strong>verbis</strong></span> <span class='ocrx_word' id='word_1_153' title='bbox 479 1876 530 1956; x_wconf 79' lang='lat' dir='ltr'><strong>[v.</strong></span> <span class='ocrx_word' id='word_1_154' title='bbox 555 1871 675 1954; x_wconf 84' lang='lat' dir='ltr'><strong>lReg.</strong></span> <span class='ocrx_word' id='word_1_155' title='bbox 689 1871 804 1951; x_wconf 82' lang='lat'><strong>22,19.</strong></span> <span class='ocrx_word' id='word_1_156' title='bbox 823 1893 876 1958; x_wconf 85' lang='lat' dir='ltr'><strong>eq.</strong></span> <span class='ocrx_word' id='word_1_157' title='bbox 891 1869 963 1939; x_wconf 76' lang='lat' dir='ltr'><strong>lec.</strong></span> <span class='ocrx_word' id='word_1_158' title='bbox 986 1891 1015 1938; x_wconf 87' lang='lat' dir='ltr'><strong>c.</strong></span> <span class='ocrx_word' id='word_1_159' title='bbox 1032 1871 1066 1937; x_wconf 88' lang='grc'><strong>6.</strong></span> <span class='ocrx_word' id='word_1_160' title='bbox 1088 1871 1201 1958; x_wconf 71' lang='lat' dir='ltr'><strong>Apoc-</strong></span> 
     </span>
     <span class='ocr_line' id='line_1_19' title="bbox 101 1952 1202 2045; baseline 0.003 -29"><span class='ocrx_word' id='word_1_161' title='bbox 101 1973 127 2018; x_wconf 89' lang='lat' dir='ltr'><strong>c.</strong></span> <span class='ocrx_word' id='word_1_162' title='bbox 140 1952 205 2038; x_wconf 81' lang='grc'><strong>4.).</strong></span> <span class='ocrx_word' id='word_1_163' title='bbox 222 1953 284 2042; x_wconf 71' lang='lat' dir='ltr'><strong>nn)</strong></span> <span class='ocrx_word' id='word_1_164' title='bbox 328 1956 464 2022; x_wconf 86' lang='lat' dir='ltr'><strong>Minime</strong></span> <span class='ocrx_word' id='word_1_165' title='bbox 481 1960 540 2022; x_wconf 91' lang='lat' dir='ltr'><strong>hoc</strong></span> <span class='ocrx_word' id='word_1_166' title='bbox 554 1980 573 2021; x_wconf 86' lang='lat' dir='ltr'><strong>u</strong></span> <span class='ocrx_word' id='word_1_167' title='bbox 589 1957 730 2045; x_wconf 80' lang='lat' dir='ltr'><strong>spiritus</strong></span> <span class='ocrx_word' id='word_1_168' title='bbox 744 1980 773 2026; x_wconf 83' lang='lat' dir='ltr'><strong>e.</strong></span> <span class='ocrx_word' id='word_1_169' title='bbox 787 1956 905 2022; x_wconf 84' lang='lat' dir='ltr'><strong>ueturri</strong></span> <span class='ocrx_word' id='word_1_170' title='bbox 924 1955 1095 2024; x_wconf 78' lang='lat' dir='ltr'><strong>abhorret.</strong></span> <span class='ocrx_word' id='word_1_171' title='bbox 1138 1954 1202 2020; x_wconf 82' lang='lat' dir='ltr'><strong>Est</strong></span> 
     </span>
     <span class='ocr_line' id='line_1_20' title="bbox 102 2037 1197 2130; baseline 0.003 -29"><span class='ocrx_word' id='word_1_172' title='bbox 102 2037 180 2102; x_wconf 89' lang='lat' dir='ltr'><strong>enirn</strong></span> <span class='ocrx_word' id='word_1_173' title='bbox 195 2039 264 2107; x_wconf 88' lang='lat' dir='ltr'><strong>div.</strong></span> <span class='ocrx_word' id='word_1_174' title='bbox 277 2043 418 2130; x_wconf 77' lang='lat' dir='ltr'><strong>spiritus</strong></span> <span class='ocrx_word' id='word_1_175' title='bbox 430 2051 552 2108; x_wconf 75' lang='lat' dir='ltr'><strong>nectura</strong></span> <span class='ocrx_word' id='word_1_176' title='bbox 565 2047 645 2122; x_wconf 87' lang='lat' dir='ltr'><strong>&lt;non</strong></span> <span class='ocrx_word' id='word_1_177' title='bbox 661 2042 727 2122; x_wconf 83' lang='lat' dir='ltr'><strong>vie)</strong></span> <span class='ocrx_word' id='word_1_178' title='bbox 744 2042 910 2128; x_wconf 72' lang='grc' dir='ltr'><strong><em>αιιμυιιάυι</em></strong></span> <span class='ocrx_word' id='word_1_179' title='bbox 928 2048 963 2108; x_wconf 89' lang='lat' dir='ltr'><strong>et</strong></span> <span class='ocrx_word' id='word_1_180' title='bbox 981 2042 1034 2106; x_wconf 92' lang='lat' dir='ltr'><strong>cui</strong></span> <span class='ocrx_word' id='word_1_181' title='bbox 1055 2041 1088 2106; x_wconf 90' lang='lat' dir='ltr'><strong>in</strong></span> <span class='ocrx_word' id='word_1_182' title='bbox 1107 2039 1197 2105; x_wconf 85' lang='lat' dir='ltr'><strong>curlo</strong></span> 
     </span>
     <span class='ocr_line' id='line_1_21' title="bbox 33 2122 1200 2207; baseline 0.001 -21"><span class='ocrx_word' id='word_1_183' title='bbox 33 2170 36 2180; x_wconf 89' lang='lat'><strong>.</strong></span> <span class='ocrx_word' id='word_1_184' title='bbox 100 2122 298 2192; x_wconf 82' lang='lat' dir='ltr'><strong>domicilium</strong></span> <span class='ocrx_word' id='word_1_185' title='bbox 318 2128 534 2194; x_wconf 79' lang='lat' dir='ltr'><strong>coustitutum</strong></span> <span class='ocrx_word' id='word_1_186' title='bbox 556 2126 734 2193; x_wconf 69' lang='lat' dir='ltr'><strong>titulant.</strong></span> <span class='ocrx_word' id='word_1_187' title='bbox 751 2125 845 2207; x_wconf 83' lang='lat' dir='ltr'><strong>3,1u.</strong></span> <span class='ocrx_word' id='word_1_188' title='bbox 867 2125 1079 2207; x_wconf 70' lang='grc' dir='ltr'><strong>ΙῙυΙι.15,26,..</strong></span> <span class='ocrx_word' id='word_1_189' title='bbox 1110 2123 1200 2190; x_wconf 87' lang='lat' dir='ltr'><strong>Hinc</strong></span> 
     </span>
     <span class='ocr_line' id='line_1_22' title="bbox 101 2210 1202 2300; baseline 0.005 -27"><span class='ocrx_word' id='word_1_190' title='bbox 101 2229 193 2294; x_wconf 84' lang='lat' dir='ltr'><strong>quum</strong></span> <span class='ocrx_word' id='word_1_191' title='bbox 215 2211 312 2278; x_wconf 85' lang='lat' dir='ltr'><strong>Deus</strong></span> <span class='ocrx_word' id='word_1_192' title='bbox 330 2214 562 2280; x_wconf 80' lang='lat' dir='ltr'><strong>caelicolurunn</strong></span> <span class='ocrx_word' id='word_1_193' title='bbox 584 2212 757 2280; x_wconf 88' lang='lat' dir='ltr'><strong>concilium</strong></span> <span class='ocrx_word' id='word_1_194' title='bbox 779 2211 957 2294; x_wconf 84' lang='lat' dir='ltr'><strong>indixerit,</strong></span> <span class='ocrx_word' id='word_1_195' title='bbox 985 2210 1141 2300; x_wconf 77' lang='lat' dir='ltr'><strong>spiritum</strong></span> <span class='ocrx_word' id='word_1_196' title='bbox 1160 2231 1202 2292; x_wconf 72' lang='lat' dir='ltr'><strong>u,</strong></span> 
     </span>
    </p>
   </div>
   <div class='ocr_carea' id='block_1_3' title="bbox 104 2347 325 2365">
    <p class='ocr_par' dir='ltr' id='par_1_3' title="bbox 104 2347 325 2365">
     <span class='ocr_line' id='line_1_23' title="bbox 104 2347 325 2365; baseline 0.014 -3"><span class='ocrx_word' id='word_1_197' title='bbox 104 2347 325 2365; x_wconf 54' lang='lat' dir='ltr'><em>m</em></span> 
     </span>
    </p>
   </div>
   <div class='ocr_carea' id='block_1_4' title="bbox 109 2415 1313 4430">
    <p class='ocr_par' dir='ltr' id='par_1_4' title="bbox 109 2415 1267 3730">
     <span class='ocr_line' id='line_1_24' title="bbox 109 2415 1202 2494; baseline 0.002 -22"><span class='ocrx_word' id='word_1_198' title='bbox 109 2441 111 2448; x_wconf 86' lang='grc'><em>·</em></span> <span class='ocrx_word' id='word_1_199' title='bbox 130 2415 158 2488; x_wconf 72' lang='lat' dir='ltr'><strong>*j</strong></span> <span class='ocrx_word' id='word_1_200' title='bbox 176 2421 292 2486; x_wconf 89' lang='lat' dir='ltr'><strong>Eorum,</strong></span> <span class='ocrx_word' id='word_1_201' title='bbox 305 2421 351 2494; x_wconf 92' lang='lat' dir='ltr'><strong>qui</strong></span> <span class='ocrx_word' id='word_1_202' title='bbox 364 2426 396 2474; x_wconf 86' lang='lat' dir='ltr'><strong>ab</strong></span> <span class='ocrx_word' id='word_1_203' title='bbox 413 2419 462 2476; x_wconf 80' lang='lat' dir='ltr'><strong>hic</strong></span> <span class='ocrx_word' id='word_1_204' title='bbox 476 2425 621 2494; x_wconf 74' lang='lat' dir='ltr'><strong>perspicud</strong></span> <span class='ocrx_word' id='word_1_205' title='bbox 635 2423 783 2480; x_wconf 85' lang='lat' dir='ltr'><strong>verborum</strong></span> <span class='ocrx_word' id='word_1_206' title='bbox 796 2418 929 2476; x_wconf 64' lang='lat' dir='ltr'><strong>sententiis</strong></span> <span class='ocrx_word' id='word_1_207' title='bbox 943 2422 1111 2492; x_wconf 78' lang='lat' dir='ltr'><strong>aberrarunt,</strong></span> <span class='ocrx_word' id='word_1_208' title='bbox 1123 2439 1202 2476; x_wconf 88' lang='lat' dir='ltr'><strong>corn·</strong></span> 
     </span>
     <span class='ocr_line' id='line_1_25' title="bbox 163 2488 1203 2564; baseline 0.004 -22"><span class='ocrx_word' id='word_1_209' title='bbox 163 2500 256 2544; x_wconf 77' lang='lat' dir='ltr'><strong>mente</strong></span> <span class='ocrx_word' id='word_1_210' title='bbox 270 2490 409 2544; x_wconf 76' lang='lat' dir='ltr'><strong>monitione</strong></span> <span class='ocrx_word' id='word_1_211' title='bbox 424 2493 464 2542; x_wconf 84' lang='lat' dir='ltr'><strong>vin</strong></span> <span class='ocrx_word' id='word_1_212' title='bbox 482 2494 561 2562; x_wconf 79' lang='lat' dir='ltr'><strong>digua</strong></span> <span class='ocrx_word' id='word_1_213' title='bbox 575 2503 647 2548; x_wconf 80' lang='lat' dir='ltr'><strong>suut.</strong></span> <span class='ocrx_word' id='word_1_214' title='bbox 682 2493 793 2564; x_wconf 67' lang='lat' dir='ltr'><strong>Chrys„</strong></span> <span class='ocrx_word' id='word_1_215' title='bbox 815 2491 860 2546; x_wconf 86' lang='lat' dir='ltr'><strong>cui</strong></span> <span class='ocrx_word' id='word_1_216' title='bbox 877 2488 985 2564; x_wconf 75' lang='grc' dir='ltr'><strong><em>άσαιρὲς</em></strong></span> <span class='ocrx_word' id='word_1_217' title='bbox 1005 2491 1037 2546; x_wconf 80' lang='grc' dir='ltr'><strong>τά</strong></span> <span class='ocrx_word' id='word_1_218' title='bbox 1056 2494 1203 2563; x_wconf 74' lang='grc' dir='ltr'><strong><em>εἰρημένον</em></strong></span> 
     </span>
     <span class='ocr_line' id='line_1_26' title="bbox 162 2558 1255 2634; baseline 0.005 -24"><span class='ocrx_word' id='word_1_219' title='bbox 162 2558 272 2611; x_wconf 78' lang='lat' dir='ltr'><strong>videtur</strong></span> <span class='ocrx_word' id='word_1_220' title='bbox 284 2560 331 2616; x_wconf 84' lang='lat' dir='ltr'><strong>dui</strong></span> <span class='ocrx_word' id='word_1_221' title='bbox 344 2558 376 2615; x_wconf 81' lang='grc' dir='ltr'><strong>τά</strong></span> <span class='ocrx_word' id='word_1_222' title='bbox 387 2560 476 2616; x_wconf 80' lang='grc' dir='ltr'><strong><em>πολλά</em></strong></span> <span class='ocrx_word' id='word_1_223' title='bbox 489 2566 546 2618; x_wconf 78' lang='grc' dir='ltr'><strong><em>τῶν</em></strong></span> <span class='ocrx_word' id='word_1_224' title='bbox 558 2559 619 2618; x_wconf 79' lang='grc' dir='ltr'><strong>τότε</strong></span> <span class='ocrx_word' id='word_1_225' title='bbox 630 2562 787 2634; x_wconf 76' lang='grc' dir='ltr'><strong><em>γινομένων</em></strong></span> <span class='ocrx_word' id='word_1_226' title='bbox 800 2559 953 2630; x_wconf 74' lang='grc' dir='ltr'><strong><em>θαυμάτων</em></strong></span> <span class='ocrx_word' id='word_1_227' title='bbox 965 2563 1129 2618; x_wconf 68' lang='grc' dir='ltr'><strong><em>πεπαῦσθαι</em></strong></span> <span class='ocrx_word' id='word_1_228' title='bbox 1140 2564 1203 2630; x_wconf 77' lang='grc' dir='ltr'><strong><em>νῦν,</em></strong></span> <span class='ocrx_word' id='word_1_229' title='bbox 1251 2593 1255 2604; x_wconf 70' lang='lat'>=</span> 
     </span>
     <span class='ocr_line' id='line_1_27' title="bbox 162 2629 1202 2702; baseline 0.001 -21"><span class='ocrx_word' id='word_1_230' title='bbox 162 2629 362 2696; x_wconf 81' lang='lat' dir='ltr'><strong>Apostolorum</strong></span> <span class='ocrx_word' id='word_1_231' title='bbox 376 2641 460 2682; x_wconf 85' lang='lat' dir='ltr'><strong>netete</strong></span> <span class='ocrx_word' id='word_1_232' title='bbox 482 2644 585 2702; x_wconf 81' lang='lat' dir='ltr'><strong>praeter</strong></span> <span class='ocrx_word' id='word_1_233' title='bbox 608 2631 766 2684; x_wconf 79' lang='lat' dir='ltr'><strong>charismata</strong></span> <span class='ocrx_word' id='word_1_234' title='bbox 787 2631 881 2683; x_wconf 68' lang='lat' dir='ltr'><strong>ltlcr.</strong></span> <span class='ocrx_word' id='word_1_235' title='bbox 897 2631 972 2692; x_wconf 70' lang='grc'><strong>11,8.</strong></span> <span class='ocrx_word' id='word_1_236' title='bbox 993 2650 1033 2700; x_wconf 81' lang='lat' dir='ltr'><strong>sq.</strong></span> <span class='ocrx_word' id='word_1_237' title='bbox 1054 2641 1202 2686; x_wconf 75' lang='lat' dir='ltr'><strong>memoratu</strong></span> 
     </span>
     <span class='ocr_line' id='line_1_28' title="bbox 163 2685 1201 2770; baseline 0.003 -20"><span class='ocrx_word' id='word_1_238' title='bbox 163 2698 244 2750; x_wconf 85' lang='lat' dir='ltr'><strong>etiam</strong></span> <span class='ocrx_word' id='word_1_239' title='bbox 257 2696 381 2770; x_wconf 80' lang='grc' dir='ltr'><strong>χάρισμα</strong></span> <span class='ocrx_word' id='word_1_240' title='bbox 395 2699 473 2768; x_wconf 70' lang='grc' dir='ltr'><em>εὐχῆς</em></span> <span class='ocrx_word' id='word_1_241' title='bbox 488 2700 569 2754; x_wconf 79' lang='lat' dir='ltr'><strong>luisse</strong></span> <span class='ocrx_word' id='word_1_242' title='bbox 588 2711 614 2752; x_wconf 87' lang='lat' dir='ltr'><strong>et</strong></span> <span class='ocrx_word' id='word_1_243' title='bbox 634 2703 721 2768; x_wconf 87' lang='lat' dir='ltr'><strong>ipsum</strong></span> <span class='ocrx_word' id='word_1_244' title='bbox 739 2700 791 2754; x_wconf 78' lang='lat' dir='ltr'><strong>cori</strong></span> <span class='ocrx_word' id='word_1_245' title='bbox 807 2699 876 2753; x_wconf 79' lang='lat' dir='ltr'><strong>uveni</strong></span> <span class='ocrx_word' id='word_1_246' title='bbox 900 2719 963 2758; x_wconf 82' lang='grc' dir='ltr'><strong><em>αιας</em></strong></span> <span class='ocrx_word' id='word_1_247' title='bbox 981 2700 1093 2752; x_wconf 87' lang='lat' dir='ltr'><strong>nominc</strong></span> <span class='ocrx_word' id='word_1_248' title='bbox 1113 2685 1201 2753; x_wconf 77' lang='lat' dir='ltr'><strong>diecu-</strong></span> 
     </span>
     <span class='ocr_line' id='line_1_29' title="bbox 160 2719 1202 2840; baseline 0.002 -22"><span class='ocrx_word' id='word_1_249' title='bbox 160 2776 254 2818; x_wconf 82' lang='lat' dir='ltr'><strong>ratum</strong></span> <span class='ocrx_word' id='word_1_250' title='bbox 278 2773 373 2823; x_wconf 67' lang='lat' dir='ltr'><strong>icor.</strong></span> <span class='ocrx_word' id='word_1_251' title='bbox 393 2771 503 2840; x_wconf 46' lang='lat' dir='ltr'><strong>lici„</strong></span> <span class='ocrx_word' id='word_1_252' title='bbox 528 2789 583 2839; x_wconf 89' lang='lat' dir='ltr'><strong>quo</strong></span> <span class='ocrx_word' id='word_1_253' title='bbox 602 2768 723 2820; x_wconf 87' lang='lat' dir='ltr'><strong>imbutus</strong></span> <span class='ocrx_word' id='word_1_254' title='bbox 743 2781 776 2829; x_wconf 74' lang='grc' dir='ltr'><strong>ει,</strong></span> <span class='ocrx_word' id='word_1_255' title='bbox 789 2787 839 2838; x_wconf 88' lang='lat' dir='ltr'><strong>pro</strong></span> <span class='ocrx_word' id='word_1_256' title='bbox 858 2719 936 2836; x_wconf 71' lang='lat' dir='ltr'><strong>piene</strong></span> <span class='ocrx_word' id='word_1_257' title='bbox 957 2768 1007 2821; x_wconf 89' lang='lat' dir='ltr'><strong>rite</strong></span> <span class='ocrx_word' id='word_1_258' title='bbox 1027 2767 1133 2838; x_wconf 85' lang='lat' dir='ltr'><strong>precari</strong></span> <span class='ocrx_word' id='word_1_259' title='bbox 1150 2787 1202 2820; x_wconf 92' lang='lat' dir='ltr'><strong>ne-</strong></span> 
     </span>
     <span class='ocr_line' id='line_1_30' title="bbox 162 2835 1201 2906; baseline 0.002 -18"><span class='ocrx_word' id='word_1_260' title='bbox 162 2836 267 2888; x_wconf 75' lang='lat' dir='ltr'><strong>sciente</strong></span> <span class='ocrx_word' id='word_1_261' title='bbox 280 2837 409 2890; x_wconf 80' lang='lat' dir='ltr'><strong>ecclesine</strong></span> <span class='ocrx_word' id='word_1_262' title='bbox 424 2839 575 2890; x_wconf 78' lang='lat' dir='ltr'><strong>salutariae</strong></span> <span class='ocrx_word' id='word_1_263' title='bbox 589 2839 650 2890; x_wconf 90' lang='lat' dir='ltr'><strong>Deo</strong></span> <span class='ocrx_word' id='word_1_264' title='bbox 667 2849 756 2890; x_wconf 70' lang='lat' dir='ltr'><strong>(rueret</strong></span> <span class='ocrx_word' id='word_1_265' title='bbox 769 2848 794 2890; x_wconf 82' lang='lat' dir='ltr'><strong>et</strong></span> <span class='ocrx_word' id='word_1_266' title='bbox 808 2835 876 2889; x_wconf 79' lang='lat' dir='ltr'><strong>alios</strong></span> <span class='ocrx_word' id='word_1_267' title='bbox 890 2840 940 2890; x_wconf 87' lang='lat' dir='ltr'><strong>rite</strong></span> <span class='ocrx_word' id='word_1_268' title='bbox 953 2837 1058 2906; x_wconf 76' lang='lat' dir='ltr'><strong>precari</strong></span> <span class='ocrx_word' id='word_1_269' title='bbox 1079 2838 1201 2892; x_wconf 83' lang='lat' dir='ltr'><strong>doceret.</strong></span> 
     </span>
     <span class='ocr_line' id='line_1_31' title="bbox 162 2904 1202 2976; baseline 0 -18"><span class='ocrx_word' id='word_1_270' title='bbox 162 2904 251 2974; x_wconf 80' lang='lat' dir='ltr'><strong>igitur</strong></span> <span class='ocrx_word' id='word_1_271' title='bbox 264 2925 288 2965; x_wconf 83' lang='lat' dir='ltr'><strong>v.</strong></span> <span class='ocrx_word' id='word_1_272' title='bbox 302 2905 346 2960; x_wconf 74' lang='lat'><strong>26.</strong></span> <span class='ocrx_word' id='word_1_273' title='bbox 365 2906 456 2976; x_wconf 87' lang='lat' dir='ltr'><strong>priore</strong></span> <span class='ocrx_word' id='word_1_274' title='bbox 469 2904 531 2960; x_wconf 88' lang='lat' dir='ltr'><strong>loco</strong></span> <span class='ocrx_word' id='word_1_275' title='bbox 546 2904 577 2961; x_wconf 82' lang='grc' dir='ltr'><strong>τά</strong></span> <span class='ocrx_word' id='word_1_276' title='bbox 599 2908 713 2976; x_wconf 77' lang='grc' dir='ltr'><strong><em>πνεῦμα</em></strong></span> <span class='ocrx_word' id='word_1_277' title='bbox 732 2908 862 2971; x_wconf 70' lang='lat' dir='ltr'><strong>spiritum</strong></span> <span class='ocrx_word' id='word_1_278' title='bbox 880 2923 904 2958; x_wconf 79' lang='lat' dir='ltr'><strong>s.</strong></span> <span class='ocrx_word' id='word_1_279' title='bbox 924 2908 1031 2974; x_wconf 78' lang='lat' dir='ltr'><strong>ipsum,</strong></span> <span class='ocrx_word' id='word_1_280' title='bbox 1071 2904 1202 2958; x_wconf 76' lang='lat' dir='ltr'><strong>celeriore</strong></span> 
     </span>
     <span class='ocr_line' id='line_1_32' title="bbox 164 2924 1234 3048; baseline -0.001 -20"><span class='ocrx_word' id='word_1_281' title='bbox 164 2974 181 3028; x_wconf 91' lang='lat' dir='ltr'><strong>l.</strong></span> <span class='ocrx_word' id='word_1_282' title='bbox 201 2983 227 3026; x_wconf 87' lang='lat' dir='ltr'><strong>et</strong></span> <span class='ocrx_word' id='word_1_283' title='bbox 241 2994 266 3030; x_wconf 83' lang='lat' dir='ltr'><strong>r.</strong></span> <span class='ocrx_word' id='word_1_284' title='bbox 279 2975 321 3029; x_wconf 69' lang='lat'><strong>27.</strong></span> <span class='ocrx_word' id='word_1_285' title='bbox 334 2975 365 3030; x_wconf 79' lang='grc' dir='ltr'><strong>τά</strong></span> <span class='ocrx_word' id='word_1_286' title='bbox 379 2975 503 3048; x_wconf 80' lang='grc' dir='ltr'><strong><em>χάρισμα</em></strong></span> <span class='ocrx_word' id='word_1_287' title='bbox 516 2977 560 3042; x_wconf 77' lang='grc' dir='ltr'><strong>τῆς</strong></span> <span class='ocrx_word' id='word_1_288' title='bbox 574 2975 652 3047; x_wconf 73' lang='grc' dir='ltr'><em>εὐχῆς</em></span> <span class='ocrx_word' id='word_1_289' title='bbox 666 2997 686 3030; x_wconf 81' lang='grc' dir='ltr'><strong>ι.</strong></span> <span class='ocrx_word' id='word_1_290' title='bbox 701 2977 749 3042; x_wconf 70' lang='grc' dir='ltr'><strong><em>τήν</em></strong></span> <span class='ocrx_word' id='word_1_291' title='bbox 767 2974 884 3044; x_wconf 76' lang='grc' dir='ltr'><strong><em>καρδίαν</em></strong></span> <span class='ocrx_word' id='word_1_292' title='bbox 905 2973 1031 3036; x_wconf 82' lang='lat' dir='ltr'><strong>hominis,</strong></span> <span class='ocrx_word' id='word_1_293' title='bbox 1041 2924 1089 3026; x_wconf 81' lang='lat' dir='ltr'><strong>ilto</strong></span> <span class='ocrx_word' id='word_1_294' title='bbox 1110 2974 1200 3027; x_wconf 84' lang='lat' dir='ltr'><strong>chari·</strong></span> <span class='ocrx_word' id='word_1_295' title='bbox 1227 3025 1234 3034; x_wconf 74' lang='grc'><strong>,</strong></span> 
     </span>
     <span class='ocr_line' id='line_1_33' title="bbox 162 3039 1202 3116; baseline -0.001 -21"><span class='ocrx_word' id='word_1_296' title='bbox 162 3052 250 3098; x_wconf 72' lang='lat' dir='ltr'><strong>sinete</strong></span> <span class='ocrx_word' id='word_1_297' title='bbox 270 3047 382 3116; x_wconf 83' lang='lat' dir='ltr'><strong>praediti</strong></span> <span class='ocrx_word' id='word_1_298' title='bbox 394 3069 428 3094; x_wconf 91' lang='lat'>=</span> <span class='ocrx_word' id='word_1_299' title='bbox 439 3047 490 3101; x_wconf 75' lang='grc' dir='ltr'><strong><em>τάν</em></strong></span> <span class='ocrx_word' id='word_1_300' title='bbox 507 3043 661 3114; x_wconf 80' lang='grc' dir='ltr'><strong><em>ἄνθρωπον</em></strong></span> <span class='ocrx_word' id='word_1_301' title='bbox 678 3039 933 3114; x_wconf 66' lang='grc' dir='ltr'><strong><em>τάνπνευματιιιάν</em></strong></span> <span class='ocrx_word' id='word_1_302' title='bbox 953 3051 1048 3096; x_wconf 82' lang='lat' dir='ltr'><strong>notare</strong></span> <span class='ocrx_word' id='word_1_303' title='bbox 1070 3041 1202 3112; x_wconf 84' lang='lat' dir='ltr'><strong>perhibet.</strong></span> 
     </span>
     <span class='ocr_line' id='line_1_34' title="bbox 164 3107 1201 3186; baseline -0.004 -21"><span class='ocrx_word' id='word_1_304' title='bbox 164 3111 294 3166; x_wconf 88' lang='lat' dir='ltr'><strong>Ceterum</strong></span> <span class='ocrx_word' id='word_1_305' title='bbox 309 3116 404 3170; x_wconf 80' lang='lat' dir='ltr'><strong>ultima</strong></span> <span class='ocrx_word' id='word_1_306' title='bbox 416 3137 437 3170; x_wconf 79' lang='lat' dir='ltr'><strong>v.</strong></span> <span class='ocrx_word' id='word_1_307' title='bbox 447 3118 493 3170; x_wconf 76' lang='lat'><strong>27.</strong></span> <span class='ocrx_word' id='word_1_308' title='bbox 507 3113 588 3186; x_wconf 65' lang='lat' dir='ltr'><strong>vf&#39;an</strong></span> <span class='ocrx_word' id='word_1_309' title='bbox 599 3115 668 3170; x_wconf 82' lang='grc' dir='ltr'><strong><em>κατά</em></strong></span> <span class='ocrx_word' id='word_1_310' title='bbox 683 3115 749 3169; x_wconf 72' lang='grc' dir='ltr'><strong><em>θεάν</em></strong></span> <span class='ocrx_word' id='word_1_311' title='bbox 761 3109 921 3186; x_wconf 70' lang='grc' dir='ltr'><strong><em>ἐντυγχάνει</em></strong></span> <span class='ocrx_word' id='word_1_312' title='bbox 928 3108 998 3181; x_wconf 73' lang='lat' dir='ltr'><strong>dudo</strong></span> <span class='ocrx_word' id='word_1_313' title='bbox 1007 3107 1096 3182; x_wconf 82' lang='grc' dir='ltr'><strong><em>άγίων</em></strong></span> <span class='ocrx_word' id='word_1_314' title='bbox 1103 3111 1144 3164; x_wconf 84' lang='lat' dir='ltr'><strong>sui</strong></span> <span class='ocrx_word' id='word_1_315' title='bbox 1155 3110 1201 3180; x_wconf 87' lang='lat' dir='ltr'><strong>ju-</strong></span> 
     </span>
     <span class='ocr_line' id='line_1_35' title="bbox 162 3180 1267 3256; baseline -0.001 -24"><span class='ocrx_word' id='word_1_316' title='bbox 162 3180 202 3233; x_wconf 85' lang='lat' dir='ltr'><strong>ris</strong></span> <span class='ocrx_word' id='word_1_317' title='bbox 216 3201 274 3236; x_wconf 77' lang='lat' dir='ltr'><strong>esce</strong></span> <span class='ocrx_word' id='word_1_318' title='bbox 289 3183 431 3254; x_wconf 82' lang='lat' dir='ltr'><strong>opinatur:</strong></span> <span class='ocrx_word' id='word_1_319' title='bbox 449 3187 552 3256; x_wconf 82' lang='lat' dir='ltr'><strong>Nempe</strong></span> <span class='ocrx_word' id='word_1_320' title='bbox 567 3196 595 3237; x_wconf 94' lang='lat' dir='ltr'><strong>ut</strong></span> <span class='ocrx_word' id='word_1_321' title='bbox 606 3185 667 3243; x_wconf 84' lang='lat' dir='ltr'><strong>Deo</strong></span> <span class='ocrx_word' id='word_1_322' title='bbox 685 3191 789 3252; x_wconf 70' lang='lat' dir='ltr'><strong>grutem</strong></span> <span class='ocrx_word' id='word_1_323' title='bbox 811 3195 850 3234; x_wconf 86' lang='lat' dir='ltr'><strong>est</strong></span> <span class='ocrx_word' id='word_1_324' title='bbox 871 3181 1020 3234; x_wconf 58' lang='lat' dir='ltr'><strong>homonillo</strong></span> <span class='ocrx_word' id='word_1_325' title='bbox 1043 3181 1202 3234; x_wconf 75' lang='lat' dir='ltr'><strong>charismate</strong></span> <span class='ocrx_word' id='word_1_326' title='bbox 1263 3228 1267 3238; x_wconf 60' lang='lat'><em>„</em></span> 
     </span>
     <span class='ocr_line' id='line_1_36' title="bbox 163 3247 1201 3329; baseline -0.001 -27"><span class='ocrx_word' id='word_1_327' title='bbox 163 3249 308 3306; x_wconf 75' lang='lat' dir='ltr'><strong>decoratus</strong></span> <span class='ocrx_word' id='word_1_328' title='bbox 322 3271 372 3322; x_wconf 88' lang='lat' dir='ltr'><strong>pro</strong></span> <span class='ocrx_word' id='word_1_329' title='bbox 386 3255 542 3308; x_wconf 87' lang='lat' dir='ltr'><strong>hominihus</strong></span> <span class='ocrx_word' id='word_1_330' title='bbox 558 3254 617 3308; x_wconf 83' lang='lat' dir='ltr'><strong>Deo</strong></span> <span class='ocrx_word' id='word_1_331' title='bbox 635 3252 798 3309; x_wconf 77' lang='lat' dir='ltr'><strong>cnnnsecratis</strong></span> <span class='ocrx_word' id='word_1_332' title='bbox 818 3251 954 3320; x_wconf 59' lang='lat' dir='ltr'><strong>pacando</strong></span> <span class='ocrx_word' id='word_1_333' title='bbox 970 3249 1113 3303; x_wconf 85' lang='lat' dir='ltr'><strong>intercedit</strong></span> <span class='ocrx_word' id='word_1_334' title='bbox 1132 3247 1153 3302; x_wconf 85' lang='lat' dir='ltr'><strong>i.</strong></span> <span class='ocrx_word' id='word_1_335' title='bbox 1173 3267 1201 3329; x_wconf 73' lang='lat' dir='ltr'><strong>q.</strong></span> 
     </span>
     <span class='ocr_line' id='line_1_37' title="bbox 162 3316 1208 3389; baseline -0.003 -18"><span class='ocrx_word' id='word_1_336' title='bbox 162 3320 268 3374; x_wconf 85' lang='lat' dir='ltr'><strong>scilicet</strong></span> <span class='ocrx_word' id='word_1_337' title='bbox 281 3321 317 3374; x_wconf 83' lang='lat' dir='ltr'><strong>ita</strong></span> <span class='ocrx_word' id='word_1_338' title='bbox 331 3322 404 3376; x_wconf 84' lang='lat' dir='ltr'><strong>Deus</strong></span> <span class='ocrx_word' id='word_1_339' title='bbox 417 3344 473 3376; x_wconf 87' lang='lat' dir='ltr'><strong>rem</strong></span> <span class='ocrx_word' id='word_1_340' title='bbox 492 3322 621 3389; x_wconf 80' lang='lat' dir='ltr'><strong>instituit,</strong></span> <span class='ocrx_word' id='word_1_341' title='bbox 640 3334 669 3376; x_wconf 89' lang='lat' dir='ltr'><strong>ut</strong></span> <span class='ocrx_word' id='word_1_342' title='bbox 685 3324 858 3383; x_wconf 79' lang='lat' dir='ltr'><strong>haberemus,</strong></span> <span class='ocrx_word' id='word_1_343' title='bbox 876 3321 948 3373; x_wconf 87' lang='lat' dir='ltr'><strong>uude</strong></span> <span class='ocrx_word' id='word_1_344' title='bbox 965 3317 1016 3372; x_wconf 85' lang='lat' dir='ltr'><strong>rite</strong></span> <span class='ocrx_word' id='word_1_345' title='bbox 1036 3316 1141 3386; x_wconf 78' lang='lat' dir='ltr'><strong>precari</strong></span> <span class='ocrx_word' id='word_1_346' title='bbox 1158 3317 1208 3386; x_wconf 19' lang='lat' dir='ltr'><strong>‹tn-¹</strong></span> 
     </span>
     <span class='ocr_line' id='line_1_38' title="bbox 163 3386 1202 3463; baseline -0.001 -21"><span class='ocrx_word' id='word_1_347' title='bbox 163 3408 313 3456; x_wconf 81' lang='lat' dir='ltr'><strong>sceremus.</strong></span> <span class='ocrx_word' id='word_1_348' title='bbox 349 3391 462 3463; x_wconf 85' lang='lat' dir='ltr'><strong>Sequuti</strong></span> <span class='ocrx_word' id='word_1_349' title='bbox 482 3403 545 3446; x_wconf 85' lang='lat' dir='ltr'><strong>sunt</strong></span> <span class='ocrx_word' id='word_1_350' title='bbox 559 3394 789 3460; x_wconf 79' lang='lat' dir='ltr'><strong>Chrysostounum</strong></span> <span class='ocrx_word' id='word_1_351' title='bbox 812 3389 979 3458; x_wconf 60' lang='lat' dir='ltr'><strong>Theopbyl„</strong></span> <span class='ocrx_word' id='word_1_352' title='bbox 1008 3386 1068 3442; x_wconf 80' lang='lat' dir='ltr'><strong>Oce.</strong></span> <span class='ocrx_word' id='word_1_353' title='bbox 1082 3389 1202 3441; x_wconf 80' lang='lat' dir='ltr'><strong>etuclrol.</strong></span> 
     </span>
     <span class='ocr_line' id='line_1_39' title="bbox 163 3453 1203 3532; baseline 0 -23"><span class='ocrx_word' id='word_1_354' title='bbox 163 3458 268 3510; x_wconf 72' lang='lat' dir='ltr'><strong>Macelo.</strong></span> <span class='ocrx_word' id='word_1_355' title='bbox 280 3497 288 3524; x_wconf 87' lang='lat'>,</span> <span class='ocrx_word' id='word_1_356' title='bbox 301 3459 355 3512; x_wconf 80' lang='lat' dir='ltr'><strong>&#39;nisi</strong></span> <span class='ocrx_word' id='word_1_357' title='bbox 373 3463 444 3532; x_wconf 83' lang='lat' dir='ltr'><strong>quod</strong></span> <span class='ocrx_word' id='word_1_358' title='bbox 461 3463 585 3515; x_wconf 84' lang='lat' dir='ltr'><strong>nonnulli</strong></span> <span class='ocrx_word' id='word_1_359' title='bbox 598 3482 625 3516; x_wconf 82' lang='lat' dir='ltr'><strong>v.</strong></span> <span class='ocrx_word' id='word_1_360' title='bbox 640 3462 679 3512; x_wconf 74' lang='lat' dir='ltr'><strong>et.</strong></span> <span class='ocrx_word' id='word_1_361' title='bbox 704 3459 753 3514; x_wconf 80' lang='grc' dir='ltr'><strong><em>τάν</em></strong></span> <span class='ocrx_word' id='word_1_362' title='bbox 772 3459 927 3528; x_wconf 67' lang='grc' dir='ltr'><strong><em>ἐρευνῶντα</em></strong></span> <span class='ocrx_word' id='word_1_363' title='bbox 945 3457 991 3517; x_wconf 81' lang='grc' dir='ltr'><strong>τάς</strong></span> <span class='ocrx_word' id='word_1_364' title='bbox 1010 3456 1124 3526; x_wconf 77' lang='grc' dir='ltr'><strong><em>καρδίας</em></strong></span> <span class='ocrx_word' id='word_1_365' title='bbox 1141 3453 1203 3510; x_wconf 84' lang='lat' dir='ltr'><strong>ud·</strong></span> 
     </span>
     <span class='ocr_line' id='line_1_40' title="bbox 163 3520 1203 3600; baseline -0.001 -19"><span class='ocrx_word' id='word_1_366' title='bbox 163 3525 299 3584; x_wconf 80' lang='grc' dir='ltr'><strong><em>τάντάν</em></strong></span> <span class='ocrx_word' id='word_1_367' title='bbox 318 3528 548 3600; x_wconf 77' lang='grc' dir='ltr'><strong><em>παράκλητον</em></strong></span> <span class='ocrx_word' id='word_1_368' title='bbox 567 3530 620 3584; x_wconf 85' lang='lat' dir='ltr'><strong>dici</strong></span> <span class='ocrx_word' id='word_1_369' title='bbox 635 3543 660 3583; x_wconf 91' lang='lat' dir='ltr'><strong>et</strong></span> <span class='ocrx_word' id='word_1_370' title='bbox 674 3527 744 3597; x_wconf 69' lang='lat' dir='ltr'><strong>duic</strong></span> <span class='ocrx_word' id='word_1_371' title='bbox 758 3525 844 3600; x_wconf 81' lang='grc' dir='ltr'><strong><em>άγίων</em></strong></span> <span class='ocrx_word' id='word_1_372' title='bbox 859 3529 989 3580; x_wconf 87' lang='lat' dir='ltr'><strong>Neutrum</strong></span> <span class='ocrx_word' id='word_1_373' title='bbox 1005 3528 1063 3581; x_wconf 79' lang='lat' dir='ltr'><strong>etse</strong></span> <span class='ocrx_word' id='word_1_374' title='bbox 1076 3520 1203 3595; x_wconf 66' lang='grc' dir='ltr'><strong><em>(εάαὲρ</em></strong></span> 
     </span>
     <span class='ocr_line' id='line_1_41' title="bbox 164 3593 1200 3719; baseline -0.004 -65"><span class='ocrx_word' id='word_1_375' title='bbox 164 3599 283 3719; x_wconf 53' lang='grc' dir='ltr'><strong><em>ρᾶγμνριῖν</em></strong></span> <span class='ocrx_word' id='word_1_376' title='bbox 304 3601 440 3669; x_wconf 77' lang='grc' dir='ltr'><strong><em>καθαρῶν</em></strong></span> <span class='ocrx_word' id='word_1_377' title='bbox 462 3598 604 3672; x_wconf 81' lang='grc' dir='ltr'><strong><em>πράξεων)</em></strong></span> <span class='ocrx_word' id='word_1_378' title='bbox 627 3599 678 3656; x_wconf 80' lang='lat' dir='ltr'><strong>sibi</strong></span> <span class='ocrx_word' id='word_1_379' title='bbox 703 3608 893 3668; x_wconf 80' lang='lat' dir='ltr'><strong>persuaserunt</strong></span> <span class='ocrx_word' id='word_1_380' title='bbox 918 3598 955 3665; x_wconf 81' lang='lat' dir='ltr'><strong>(r.</strong></span> <span class='ocrx_word' id='word_1_381' title='bbox 975 3593 1040 3652; x_wconf 81' lang='lat' dir='ltr'><strong>Oen.</strong></span> <span class='ocrx_word' id='word_1_382' title='bbox 1061 3604 1088 3647; x_wconf 83' lang='lat' dir='ltr'><strong>et</strong></span> <span class='ocrx_word' id='word_1_383' title='bbox 1112 3597 1200 3650; x_wconf 75' lang='lat' dir='ltr'><strong>schol.</strong></span> 
     </span>
     <span class='ocr_line' id='line_1_42' title="bbox 197 3675 1175 3730; baseline 0 -12"><span class='ocrx_word' id='word_1_384' title='bbox 197 3677 238 3719; x_wconf 80' lang='lat' dir='ltr'><strong>att</strong></span> <span class='ocrx_word' id='word_1_385' title='bbox 261 3675 292 3730; x_wconf 73' lang='lat'><strong>.&gt;.</strong></span> <span class='ocrx_word' id='word_1_386' title='bbox 1171 3702 1175 3712; x_wconf 61' lang='grc' dir='ltr'><strong><em>ι</em></strong></span> 
     </span>
    </p>

    <p class='ocr_par' dir='ltr' id='par_1_5' title="bbox 130 3731 1313 4430">
     <span class='ocr_line' id='line_1_43' title="bbox 130 3731 1313 3805; baseline -0.004 -17"><span class='ocrx_word' id='word_1_387' title='bbox 130 3737 178 3800; x_wconf 77' lang='grc'><strong>**)</strong></span> <span class='ocrx_word' id='word_1_388' title='bbox 198 3736 260 3789; x_wconf 83' lang='grc' dir='ltr'><strong>Νοιι</strong></span> <span class='ocrx_word' id='word_1_389' title='bbox 274 3739 325 3790; x_wconf 89' lang='lat' dir='ltr'><strong>suit</strong></span> <span class='ocrx_word' id='word_1_390' title='bbox 339 3740 366 3792; x_wconf 90' lang='lat' dir='ltr'><strong>in</strong></span> <span class='ocrx_word' id='word_1_391' title='bbox 381 3737 431 3793; x_wconf 74' lang='lat' dir='ltr'><strong>hinc</strong></span> <span class='ocrx_word' id='word_1_392' title='bbox 444 3753 488 3793; x_wconf 79' lang='lat' dir='ltr'><strong>eut</strong></span> <span class='ocrx_word' id='word_1_393' title='bbox 501 3735 615 3792; x_wconf 74' lang='lat' dir='ltr'><strong>finitimi</strong></span> <span class='ocrx_word' id='word_1_394' title='bbox 628 3732 759 3792; x_wconf 75' lang='lat' dir='ltr'><strong>seutentii</strong></span> <span class='ocrx_word' id='word_1_395' title='bbox 768 3737 847 3790; x_wconf 81' lang='lat' dir='ltr'><strong>Cum.</strong></span> <span class='ocrx_word' id='word_1_396' title='bbox 862 3735 1005 3805; x_wconf 76' lang='lat' dir='ltr'><strong>oLupide,</strong></span> <span class='ocrx_word' id='word_1_397' title='bbox 1018 3751 1102 3803; x_wconf 86' lang='lat' dir='ltr'><strong>quum</strong></span> <span class='ocrx_word' id='word_1_398' title='bbox 1111 3749 1136 3800; x_wconf 91' lang='lat' dir='ltr'><strong>p.</strong></span> <span class='ocrx_word' id='word_1_399' title='bbox 1146 3731 1204 3785; x_wconf 76' lang='lat'><em>112.</em></span> <span class='ocrx_word' id='word_1_400' title='bbox 1312 3743 1313 3748; x_wconf 78' lang='grc'>’</span> 
     </span>
     <span class='ocr_line' id='line_1_44' title="bbox 166 3804 1203 3878; baseline -0.005 -20"><span class='ocrx_word' id='word_1_401' title='bbox 166 3807 385 3862; x_wconf 78' lang='lat' dir='ltr'><strong>haecccriheret:</strong></span> <span class='ocrx_word' id='word_1_402' title='bbox 410 3809 535 3878; x_wconf 80' lang='lat' dir='ltr'><strong>,Spiritus</strong></span> <span class='ocrx_word' id='word_1_403' title='bbox 555 3828 576 3862; x_wconf 84' lang='lat' dir='ltr'><strong>s.</strong></span> <span class='ocrx_word' id='word_1_404' title='bbox 591 3807 724 3877; x_wconf 82' lang='lat' dir='ltr'><strong>postulat,</strong></span> <span class='ocrx_word' id='word_1_405' title='bbox 748 3805 766 3860; x_wconf 90' lang='lat' dir='ltr'><strong>i.</strong></span> <span class='ocrx_word' id='word_1_406' title='bbox 781 3826 804 3859; x_wconf 86' lang='lat' dir='ltr'><strong>e.</strong></span> <span class='ocrx_word' id='word_1_407' title='bbox 817 3804 948 3858; x_wconf 85' lang='lat' dir='ltr'><strong>desideria</strong></span> <span class='ocrx_word' id='word_1_408' title='bbox 968 3804 1118 3854; x_wconf 71' lang='lat' dir='ltr'><strong>anticorum</strong></span> <span class='ocrx_word' id='word_1_409' title='bbox 1139 3821 1203 3853; x_wconf 80' lang='lat' dir='ltr'><strong>suo·</strong></span> 
     </span>
     <span class='ocr_line' id='line_1_45' title="bbox 163 3869 1202 3949; baseline -0.005 -22"><span class='ocrx_word' id='word_1_410' title='bbox 163 3893 228 3927; x_wconf 86' lang='lat' dir='ltr'><strong>rum</strong></span> <span class='ocrx_word' id='word_1_411' title='bbox 255 3895 405 3949; x_wconf 84' lang='lat' dir='ltr'><strong>eorumque</strong></span> <span class='ocrx_word' id='word_1_412' title='bbox 431 3880 545 3948; x_wconf 84' lang='lat' dir='ltr'><strong>genuitus</strong></span> <span class='ocrx_word' id='word_1_413' title='bbox 561 3881 633 3928; x_wconf 86' lang='lat' dir='ltr'><strong>-iu</strong></span> <span class='ocrx_word' id='word_1_414' title='bbox 661 3874 823 3929; x_wconf 75' lang='lat' dir='ltr'><strong>consistorio</strong></span> <span class='ocrx_word' id='word_1_415' title='bbox 843 3892 878 3926; x_wconf 79' lang='lat' dir='ltr'><strong>ss.</strong></span> <span class='ocrx_word' id='word_1_416' title='bbox 900 3871 1039 3924; x_wconf 82' lang='lat' dir='ltr'><strong>Trinitatis</strong></span> <span class='ocrx_word' id='word_1_417' title='bbox 1058 3869 1133 3942; x_wconf 78' lang='lat' dir='ltr'><strong>quasi</strong></span> <span class='ocrx_word' id='word_1_418' title='bbox 1153 3887 1202 3938; x_wconf 84' lang='lat' dir='ltr'><strong>pa-</strong></span> 
     </span>
     <span class='ocr_line' id='line_1_46' title="bbox 166 3933 1203 4014; baseline -0.005 -18"><span class='ocrx_word' id='word_1_419' title='bbox 166 3943 300 4014; x_wconf 84' lang='lat' dir='ltr'><strong>racletus,</strong></span> <span class='ocrx_word' id='word_1_420' title='bbox 326 3946 342 3999; x_wconf 90' lang='lat' dir='ltr'><strong>i.</strong></span> <span class='ocrx_word' id='word_1_421' title='bbox 360 3967 383 4000; x_wconf 89' lang='lat' dir='ltr'><strong>e.</strong></span> <span class='ocrx_word' id='word_1_422' title='bbox 402 3951 560 4008; x_wconf 68' lang='lat' dir='ltr'><strong>uulneratus,</strong></span> <span class='ocrx_word' id='word_1_423' title='bbox 585 3956 676 3998; x_wconf 83' lang='lat' dir='ltr'><strong>noster</strong></span> <span class='ocrx_word' id='word_1_424' title='bbox 695 3945 802 4010; x_wconf 80' lang='lat' dir='ltr'><strong>exponit</strong></span> <span class='ocrx_word' id='word_1_425' title='bbox 823 3937 919 4010; x_wconf 75' lang='lat' dir='ltr'><strong>inungui</strong></span> <span class='ocrx_word' id='word_1_426' title='bbox 937 3933 1078 3999; x_wconf 75' lang='lat' dir='ltr'><strong>instantii,</strong></span> <span class='ocrx_word' id='word_1_427' title='bbox 1103 3957 1203 4008; x_wconf 74' lang='lat' dir='ltr'><strong>magno</strong></span> 
     </span>
     <span class='ocr_line' id='line_1_47' title="bbox 165 4008 1202 4087; baseline -0.005 -24"><span class='ocrx_word' id='word_1_428' title='bbox 165 4013 288 4082; x_wconf 86' lang='lat' dir='ltr'><strong>pondere</strong></span> <span class='ocrx_word' id='word_1_429' title='bbox 302 4024 328 4068; x_wconf 87' lang='lat' dir='ltr'><strong>ct</strong></span> <span class='ocrx_word' id='word_1_430' title='bbox 342 4011 438 4086; x_wconf 75' lang='lat' dir='ltr'><strong>magud</strong></span> <span class='ocrx_word' id='word_1_431' title='bbox 451 4015 637 4068; x_wconf 77' lang='lat' dir='ltr'><strong>auctoritate.¹‘</strong></span> <span class='ocrx_word' id='word_1_432' title='bbox 675 4014 733 4064; x_wconf 83' lang='lat' dir='ltr'><strong>luno</strong></span> <span class='ocrx_word' id='word_1_433' title='bbox 747 4012 812 4064; x_wconf 79' lang='lat' dir='ltr'><strong>haec</strong></span> <span class='ocrx_word' id='word_1_434' title='bbox 823 4011 899 4062; x_wconf 79' lang='lat' dir='ltr'><strong>dixit:</strong></span> <span class='ocrx_word' id='word_1_435' title='bbox 918 4028 987 4079; x_wconf 59' lang='lat' dir='ltr'><strong>«nuos</strong></span> <span class='ocrx_word' id='word_1_436' title='bbox 1001 4012 1029 4059; x_wconf 87' lang='grc' dir='ltr'><strong>ιἰι</strong></span> <span class='ocrx_word' id='word_1_437' title='bbox 1043 4008 1121 4087; x_wconf 66' lang='lat' dir='ltr'><strong>nundin·</strong></span> <span class='ocrx_word' id='word_1_438' title='bbox 1135 4023 1202 4087; x_wconf 66' lang='lat' dir='ltr'><strong>ex·</strong></span> 
     </span>
     <span class='ocr_line' id='line_1_48' title="bbox 164 4079 1202 4156; baseline -0.008 -20"><span class='ocrx_word' id='word_1_439' title='bbox 164 4083 345 4137; x_wconf 80' lang='lat' dir='ltr'><strong>citaverit</strong></span> <span class='ocrx_word' id='word_1_440' title='bbox 361 4086 474 4156; x_wconf 83' lang='lat' dir='ltr'><strong>gemitus</strong></span> <span class='ocrx_word' id='word_1_441' title='bbox 487 4103 534 4136; x_wconf 80' lang='lat' dir='ltr'><strong>eos</strong></span> <span class='ocrx_word' id='word_1_442' title='bbox 546 4084 673 4138; x_wconf 82' lang='lat' dir='ltr'><strong>excitatos</strong></span> <span class='ocrx_word' id='word_1_443' title='bbox 687 4090 713 4134; x_wconf 85' lang='lat' dir='ltr'><strong>et</strong></span> <span class='ocrx_word' id='word_1_444' title='bbox 728 4081 805 4132; x_wconf 78' lang='lat' dir='ltr'><strong>uobis</strong></span> <span class='ocrx_word' id='word_1_445' title='bbox 818 4088 955 4148; x_wconf 77' lang='lat' dir='ltr'><strong>suggestus</strong></span> <span class='ocrx_word' id='word_1_446' title='bbox 971 4079 1057 4146; x_wconf 87' lang='lat' dir='ltr'><strong>ipsum</strong></span> <span class='ocrx_word' id='word_1_447' title='bbox 1079 4087 1202 4143; x_wconf 79' lang='lat' dir='ltr'><strong>spiritum</strong></span> 
     </span>
     <span class='ocr_line' id='line_1_49' title="bbox 167 4144 1202 4224; baseline -0.009 -19"><span class='ocrx_word' id='word_1_448' title='bbox 167 4174 189 4205; x_wconf 87' lang='lat' dir='ltr'><strong>s.</strong></span> <span class='ocrx_word' id='word_1_449' title='bbox 205 4151 254 4203; x_wconf 89' lang='lat' dir='ltr'><strong>sihi</strong></span> <span class='ocrx_word' id='word_1_450' title='bbox 271 4152 373 4224; x_wconf 88' lang='lat' dir='ltr'><strong>totique</strong></span> <span class='ocrx_word' id='word_1_451' title='bbox 387 4176 421 4206; x_wconf 82' lang='lat' dir='ltr'><strong>ss.</strong></span> <span class='ocrx_word' id='word_1_452' title='bbox 435 4152 561 4206; x_wconf 83' lang='lat' dir='ltr'><strong>&#39;l&#39;riuituti</strong></span> <span class='ocrx_word' id='word_1_453' title='bbox 581 4151 700 4218; x_wconf 83' lang='lat' dir='ltr'><strong>objicere</strong></span> <span class='ocrx_word' id='word_1_454' title='bbox 717 4159 742 4202; x_wconf 90' lang='lat' dir='ltr'><strong>et</strong></span> <span class='ocrx_word' id='word_1_455' title='bbox 763 4165 923 4217; x_wconf 82' lang='lat' dir='ltr'><strong>proponere.</strong></span> <span class='ocrx_word' id='word_1_456' title='bbox 962 4145 1004 4201; x_wconf 80' lang='lat' dir='ltr'><strong>Cf.</strong></span> <span class='ocrx_word' id='word_1_457' title='bbox 1025 4163 1051 4214; x_wconf 84' lang='lat' dir='ltr'><strong>p.</strong></span> <span class='ocrx_word' id='word_1_458' title='bbox 1075 4145 1130 4197; x_wconf 77' lang='lat'>118.</span> <span class='ocrx_word' id='word_1_459' title='bbox 1145 4144 1202 4196; x_wconf 81' lang='lat' dir='ltr'><strong>Ge-</strong></span> 
     </span>
     <span class='ocr_line' id='line_1_50' title="bbox 166 4215 1270 4294; baseline -0.006 -22"><span class='ocrx_word' id='word_1_460' title='bbox 166 4224 274 4273; x_wconf 80' lang='lat' dir='ltr'><strong>mimus</strong></span> <span class='ocrx_word' id='word_1_461' title='bbox 288 4223 368 4291; x_wconf 79' lang='lat' dir='ltr'><strong>igitur</strong></span> <span class='ocrx_word' id='word_1_462' title='bbox 379 4223 426 4275; x_wconf 88' lang='lat' dir='ltr'><strong>illo</strong></span> <span class='ocrx_word' id='word_1_463' title='bbox 437 4234 548 4276; x_wconf 85' lang='lat' dir='ltr'><strong>auctore</strong></span> <span class='ocrx_word' id='word_1_464' title='bbox 561 4224 676 4289; x_wconf 81' lang='lat' dir='ltr'><strong>spiritus</strong></span> <span class='ocrx_word' id='word_1_465' title='bbox 689 4237 712 4272; x_wconf 83' lang='lat' dir='ltr'><strong>s.</strong></span> <span class='ocrx_word' id='word_1_466' title='bbox 726 4221 860 4284; x_wconf 74' lang='lat' dir='ltr'><strong>iurpulsu,</strong></span> <span class='ocrx_word' id='word_1_467' title='bbox 886 4216 930 4268; x_wconf 81' lang='lat' dir='ltr'><strong>sed</strong></span> <span class='ocrx_word' id='word_1_468' title='bbox 945 4215 1053 4294; x_wconf 75' lang='lat' dir='ltr'><strong>spiritus</strong></span> <span class='ocrx_word' id='word_1_469' title='bbox 1072 4233 1094 4268; x_wconf 81' lang='lat' dir='ltr'><strong>s.</strong></span> <span class='ocrx_word' id='word_1_470' title='bbox 1113 4217 1203 4294; x_wconf 72' lang='lat' dir='ltr'><strong>sospi-</strong></span> <span class='ocrx_word' id='word_1_471' title='bbox 1263 4247 1270 4260; x_wconf 85' lang='lat'><strong>·</strong></span> 
     </span>
     <span class='ocr_line' id='line_1_51' title="bbox 166 4283 1203 4345; baseline -0.008 -2"><span class='ocrx_word' id='word_1_472' title='bbox 166 4293 273 4343; x_wconf 84' lang='lat' dir='ltr'><strong>riorum</strong></span> <span class='ocrx_word' id='word_1_473' title='bbox 287 4290 334 4344; x_wconf 84' lang='lat' dir='ltr'><strong>sud</strong></span> <span class='ocrx_word' id='word_1_474' title='bbox 347 4294 504 4345; x_wconf 82' lang='lat' dir='ltr'><strong>auctoritate</strong></span> <span class='ocrx_word' id='word_1_475' title='bbox 519 4291 662 4344; x_wconf 85' lang='lat' dir='ltr'><strong>ductorum</strong></span> <span class='ocrx_word' id='word_1_476' title='bbox 679 4287 707 4340; x_wconf 92' lang='lat' dir='ltr'><strong>iu</strong></span> <span class='ocrx_word' id='word_1_477' title='bbox 722 4285 842 4342; x_wconf 75' lang='lat' dir='ltr'><strong>conscilio</strong></span> <span class='ocrx_word' id='word_1_478' title='bbox 862 4307 895 4339; x_wconf 85' lang='lat' dir='ltr'><strong>ss.</strong></span> <span class='ocrx_word' id='word_1_479' title='bbox 910 4283 1050 4340; x_wconf 69' lang='lat' dir='ltr'><strong>&#39;l&#39;riuitntns</strong></span> <span class='ocrx_word' id='word_1_480' title='bbox 1071 4293 1097 4336; x_wconf 86' lang='lat' dir='ltr'><strong>et</strong></span> <span class='ocrx_word' id='word_1_481' title='bbox 1117 4283 1203 4337; x_wconf 81' lang='lat' dir='ltr'><strong>diser·-</strong></span> 
     </span>
     <span class='ocr_line' id='line_1_52' title="bbox 164 4359 795 4430; baseline -0.003 -18"><span class='ocrx_word' id='word_1_482' title='bbox 164 4369 213 4412; x_wconf 77' lang='lat' dir='ltr'><strong>tus</strong></span> <span class='ocrx_word' id='word_1_483' title='bbox 226 4359 422 4428; x_wconf 68' lang='lat' dir='ltr'><strong>explicitumst</strong></span> <span class='ocrx_word' id='word_1_484' title='bbox 437 4371 463 4416; x_wconf 86' lang='lat' dir='ltr'><strong>et</strong></span> <span class='ocrx_word' id='word_1_485' title='bbox 476 4361 565 4430; x_wconf 78' lang='lat' dir='ltr'><strong>gravis</strong></span> <span class='ocrx_word' id='word_1_486' title='bbox 578 4361 795 4416; x_wconf 82' lang='lat' dir='ltr'><strong>eurrnmeudetor.</strong></span> 
     </span>
    </p>
   </div>
   <div class='ocr_carea' id='block_1_5' title="bbox 0 0 1413 5056">
    <p class='ocr_par' dir='ltr' id='par_1_6' title="bbox 0 0 1413 5056">
     <span class='ocr_line' id='line_1_53' title="bbox 0 0 1413 5056; baseline 0 0"><span class='ocrx_word' id='word_1_487' title='bbox 0 0 1413 5056; x_wconf 95' lang='lat' dir='ltr'><strong> </strong></span> 
     </span>
    </p>
   </div>
  </div>
 </body>
</html>
