2814 5056
29 684 30 692 ,
137 640 210 685 rum
236 641 345 685 rerum
369 623 525 722 impetum
548 623 741 704 frangamus

220 417 228 458 2
389 311 513 446 CAP.
536 371 658 446 vul.
690 375 763 446 Vs.
782 373 991 446 35.-37.·.
1053 379 1054 387 ’
1167 360 1244 442 '210

103 529 112 538 ’
136 531 239 598 etiam
258 533 290 599 in
314 535 439 602 alilictd
459 519 592 602 fortuni
608 527 705 600 nohis
721 527 929 706 aegopoditct,
974 525 1072 600 uihus
1088 532 1245 604 adversa·
1332 516 1336 528 Χ

135 705 159 769 d
165 703 237 785 W.,'
251 725 289 770 eo
307 706 361 770 hic
376 707 517 796 resprci,
540 705 628 794 qood
641 705 792 771 homines
805 704 883 792 quia
897 725 969 770 cum
985 703 1124 771 adversi
1139 705 1247 772 fortn-

136 789 177 854 nri
199 791 389 857 conflictari
414 799 574 877 cogantur
599 791 725 877 frigere
740 790 815 894 jaim
837 791 872 854 in
897 811 934 855 se
950 789 1065 892 'Deum
1085 806 1246 892 peruerse

46 987 50 995 -
135 895 238 1024 titt?
247 877 853 1050 tttttttlt‘institituit
854 875 1154 1041 'ltlltt‘ljll
1156 898 1167 939 ¹
1176 880 1248 1048 nt

33 1104 36 1112 ,
135 1041 274 1112 Christo
288 1047 410 1128 simus,
432 1068 527 1114 sensu
545 1055 580 1112 et
598 1047 791 1112 conscicntia
806 1046 900 1134 loqui
914 1047 1164 1134 perhibuerunt,
1193 1045 1248 1114 At

134 1129 242 1194 totius
263 1129 502 1233 disputationis
523 1153 556 1200 v.
569 1131 624 1200 35.
637 1167 679 1179 -
692 1132 747 1200 39.
768 1126 868 1196 cardo
887 1131 921 1196 in
947 1128 1007 1195 hoc
1019 1130 1180 1212 vertitur,
1209 1137 1249 1216 ut

134 1214 221 1279 nihil
245 1214 374 1283 Christi
396 1218 493 1318 [Dei]
517 1237 598 1302 erga
619 1236 681 1282 nos
708 1237 858 1282 umorem·
878 1216 992 1282 toliere
1012 1215 1121 1304 possit
1145 1222 1248 1302 atque

134 1299 288 1385 elilcere,
314 1312 351 1366 ut
372 1323 437 1368 non
456 1300 582 1384 diutius
602 1300 723 1386 diligat
742 1323 828 1389 quos
843 1300 1124 1390 anteadilexerit.
1168 1301 1248 1368 Non
1305 1305 1308 1312 '

135 1383 271 1450 lelicius
291 1387 447 1470 Meyerus
467 1408 588 1472 negare
607 1384 767 1468 Paulum,
796 1402 896 1474 posse
925 1386 1021 1452 nohis
1040 1384 1253 1461 calamitates,

133 1469 316 1538 salutarem
336 1473 479 1554 amoris,
507 1494 572 1560 quo
587 1471 743 1546 Christus
764 1492 825 1536 nos
839 1472 1000 1537 malorum
1015 1472 1158 1536 emtores
1172 1471 1249 1537 red·

38 1557 41 1562 ’
135 1551 213 1636 dat,
233 1555 298 1621 cim
320 1557 464 1622 adimere
485 1559 528 1625 cl.
548 1581 579 1628 v.
591 1559 646 1626 37.
664 1556 855 1627 allirmavit.
898 1553 1018 1644 Neque
1033 1557 1119 1620 enim
1135 1554 1175 1624 P.
1190 1577 1249 1623 ra-

135 1638 262 1706 tionem
277 1643 325 1707 sic
340 1640 536 1709 concludere
549 1642 595 1712 V.
611 1642 657 1710 D.
673 1643 859 1731 reputavit:
887 1661 952 1706 uon
973 1641 1025 1708 vel
1039 1641 1249 1724 gravissimis

134 1721 224 1795 'vitae
238 1728 371 1792 casibus
385 1713 513 1797 Christi
527 1728 625 1815 [Dei]
639 1748 717 1812 erga
726 1748 787 1794 nos
800 1747 944 1793 amorem
960 1727 1133 1812 exstingui
1148 1749 1191 1792 ex
1205 1747 1247 1794 eo

134 1811 297 1894 emergit,
351 1811 414 1878 uod
435 1814 468 1878 in
491 1815 536 1878 iis
558 1816 655 1897 longe
676 1835 715 1880 su
742 1813 868 1878 eriores
887 1811 1087 1878 discedimus
1111 1810 1248 1880 Christo

114 1931 116 1936 ‚
134 1894 243 1980 [Deo]
257 1833 439 1964 auxiiiante
453 1901 500 1984 (v.
513 1899 567 1967 35.
579 1901 663 1982 37.).
706 1833 776 1986 Cui
788 1897 895 1982 igitur
911 1898 998 1962 mala
1013 1895 1087 1983 ejus
1102 1881 1248 1964 amo'renr

134 1981 280 2065 tollant,
305 1984 360 2070 qoti
382 1982 417 2048 in
437 1985 535 2050 malis
554 1982 825 2066 amanter-nobis
845 1982 1005 2049 auxilium
1028 1982 1135 2064 ierat,
1157 1990 1249 2050 uteo

135 2053 717 2220 aran”carnotinae
732 2067 1249 2220 insurrexissent
1326 2083 1359 2118 ²

135 2218 465 2319 internectionem,
487 2262 585 2327 quam
599 2203 750 2322 themor,
776 2237 945 2304 lerrinon
964 2259 1084 2326 posse,
1112 2239 1189 2326 qnia
1209 2235 1249 2309 Ρ.

135 2341 205 2386 uon
218 2257 363 2390 dixerit:
383 2322 436 2400 εἰς
447 2323 505 2390 τὸν
517 2325 668 2411 Χριστὸν
679 2320 819 2428 χωρίσει
835 2319 906 2392 dud
919 2323 980 2408 τῆς
989 2316 1123 2410 ἀγάπης
1136 2315 1250 2408 indo,-

777 641 805 687 v.
826 620 910 704 37.).
994 615 1047 684 ale
1069 618 1188 688 ditescit.
1211 628 1248 688 ct
1352 627 1356 632 '

135 2407 222 2472 mire
237 2408 448 2475 ohsehvatum
462 2415 526 2476 est.
569 2408 648 2477 Sive
661 2409 868 2476 Chrestusah
880 2429 992 2474 amore
1007 2408 1058 2473 tui
1072 2409 1250 2490 avellatur,
1387 2449 1388 2458 =

137 2491 210 2557 sive
224 2501 262 2557 tn
275 2491 317 2556 ah
331 2487 461 2575 amore,
490 2516 555 2580 quo
576 2504 610 2561 te
624 2494 780 2562 Christus
794 2499 901 2574 amet,
922 2493 1142 2574 abstraharis,
1164 2486 1251 2559 nihil

136 2576 231 2641 aliud
245 2578 407 2660 eflicitur,
429 2601 525 2666 qnam
542 2589 579 2645 ut
592 2589 626 2646 te
640 2579 796 2647 Christus
810 2600 920 2645 amare
935 2579 1088 2646 desistat.
1130 2577 1250 2645 Nihilo
1311 2588 1313 2594 ’
1345 2637 1355 2658 ,

136 2662 250 2728 secius
274 2665 325 2729 rei
344 2663 628 2730 accommodatum
643 2671 695 2732 est
710 2662 799 2751 quod
814 2662 855 2732 Ρ.
874 2666 999 2751 posuit.
1042 2662 1129 2728 Nam
1144 2663 1268 2732 nemi-2

137 2767 212 2812 nem
236 2753 305 2813 tam
329 2769 460 2814 saevum
482 2749 710 2815 aduersarium
730 2748 820 2815 nobis
838 2750 1035 2814 exstiturum
1059 2769 1136 2834 csse
1154 2748 1252 2832 dicit,
1339 2830 1341 2835 Ι

138 2833 200 2918 qui
220 2831 349 2900 Christi
370 2834 463 2918 [Dei]
482 2855 624 2902 amorem
653 2834 796 2918 maligne
817 2833 914 2898 nobis
938 2832 1073 2922 eripiat.
1122 2833 1168 2898 Et
1190 2855 1252 2922 op·

136 2933 291 3003 pugnant
309 2939 368 2984 nos
387 2922 622 3068 ponseguutio,
649 2921 754 2983 fames
775 2926 809 2986 et
830 2923 944 2983 cetere
952 2915 1094 3006 quae'l’.
1109 2922 1252 2983 comme·

56 3009 62 3023 ⁸
138 3011 250 3106 morat
265 3005 363 3074 mala.
407 3003 482 3097 Quo
504 3005 537 3070 si
553 3003 604 3081 τίς
622 3002 680 3069 τὸν
694 3001 843 3088 Χριστὸν
853 3003 991 3090 χωρίσει
1004 2998 1076 3068 sind
1090 3004 1150 3153 cic
1165 2999 1253 3088 dyei-

139 3109 208 3173 πης
229 3090 341 3174 nasim
375 3091 586 3177 scripsisset,
620 3089 901 3153 ueminem'tanto
933 3088 1059 3176 impetu
1088 3089 1253 3154 Caietam
1354 3083 1372 3101 ‘

139 3184 405 3262 oppugnaturum
424 3197 516 3258 esse,
545 3182 582 3240 nt
596 3195 738 3238 amorem
754 3194 834 3264 erga
849 3193 911 3236 nos
924 3171 1087 3261 deponat,
1108 3173 1252 3238 sentire·
1337 3203 1338 3209 ¹

141 3279 228 3328 mus.
277 3259 366 3325 Tum
394 3260 479 3324 male
507 3257 549 3324 ad
571 3256 800 3342 ὑπερνικῶμεν
827 3279 858 3327 v.
877 3257 932 3327 37.
951 3265 1163 3346 provocatum
1186 3265 1253 3329 eet.
1294 3263 1297 3274 ¹
1386 3307 1388 3318 ,

142 3341 229 3407 Nam
251 3342 369 3426 exeo,
398 3342 485 3432 quod
511 3365 584 3416 nos
610 3345 700 3428 longe
719 3343 899 3428 cooperiores
919 3344 1108 3410 discedimus
1134 3342 1193 3408 ini.
1209 3340 1253 3416 Ρ.

143 3427 283 3511 dixerit,
306 3431 512 3504 metuendum
536 3451 620 3496 esse·
633 3451 673 3492 ne
694 3449 751 3493 nos
770 3449 790 3491 a
811 3426 1161 3504 Christo‚.'delicianlus
1177 3429 1211 3496 h.
1226 3429 1255 3499 l.
1387 3509 1388 3530 ,

144 3511 265 3578 dictum
277 3512 682 3600 esseintelligi(lioelin.).
709 3511 842 3578 Nititur
850 3514 912 3579 hoc
922 3511 1151 3598 argumentum
1166 3514 1255 3592 laissi

143 3600 310 3681 rationis,
327 3601 391 3685 qud
406 3623 436 3667 v.
451 3601 505 3666 37.
519 3621 592 3670 cum
615 3619 645 3664 v.
658 3598 722 3681 35.ρ
734 3598 940 3680 continetur,
968 3599 1189 3684 explicatione
1204 3599 1254 3686 (r.
1273 3613 1275 3620 '

143 3689 275 3772 supra).
318 3685 412 3750 ldem
435 3687 525 3749 valet
540 3684 580 3750 de
601 3685 660 3748 haic
672 3671 901 3750 conclusione:
921 3683 1061 3750 dicimur
1076 3705 1107 3750 v.
1121 3685 1176 3754 37.
1188 3705 1255 3788 por

143 3790 307 3850 amorem,
343 3793 407 3858 quo
429 3793 489 3852 nos
509 3768 604 3838 Deus
634 3769 862 3854 amplectitur,
890 3769 1057 3852 egregiam
1078 3770 1253 3836 vicennam

142 3864 332 3941 reportare:
360 3855 448 3942 qnod
471 3857 570 3942 quum
589 3857 676 3932 hanc
696 3855 760 3918 vim
779 3854 917 3921 habeat:
943 3855 1075 3919 ellicere
1087 3853 1155 3921 Dei
1171 3874 1254 3940 erga

142 3961 203 4004 nos
227 3962 389 4022 amorem,
424 3951 461 4005 ut
483 3939 653 4007 Christum
677 3938 819 4022 diligere
839 3938 1078 4026 persistamus,
1105 3939 1138 4007 h.
1161 3941 1187 4008 l.
1209 3939 1253 4007 de

142 4033 258 4090 nostro
295 4047 373 4108 erga
410 4024 581 4093 Christum
618 4046 729 4088 arnone
770 4021 936 4128 disputari
969 4025 1004 4088 in
1033 4032 1165 4112 promtu
1191 4031 1254 4112 est

143 4111 319 4192 (neella).
366 4107 537 4176 Postremo
562 4129 758 4196 qrsamquam
781 4130 812 4176 v.
832 4110 888 4176 36.
918 4109 1158 4194 propterte
1175 4127 1253 4198 supi

144 4196 239 4277 plinio
253 4193 420 4282 afficimur
435 4198 522 4260 vale-t
536 4195 689 4282 quoniam
705 4200 739 4259 te
754 4193 943 4276 diligimus,
964 4194 1120 4281 nonquia
1135 4203 1171 4259 tu
1190 4215 1253 4266 nos

143 4281 279 4366 diligis,
301 4290 408 4346 tannen
427 4282 460 4372 h,
472 4283 497 4347 1.
515 4279 554 4346 de
568 4289 682 4345 nostro
698 4299 776 4363 erga
792 4279 961 4346 Christum
977 4300 1089 4360 amore
1104 4280 1160 4362 agi
1174 4281 1253 4348 inde

145 4367 442 4458 non‘consequitur
463 4367 636 4454 (Itoana).
671 4364 757 4432 llam
777 4365 1068 4454 quomodohunquc
1080 4387 1112 4438 v·
1120 4368 1176 4438 36.
1194 4389 1251 4440 ax-
