2824 5054
168 395 170 402 κ
213 367 278 436 sos
426 340 711 432 urlsronn
734 353 1106 426 xuaouauos
1165 421 1169 430 ,

182 547 185 552 ’
214 529 252 585 ut
265 540 302 584 ex
320 519 381 600 iis,
404 519 433 584 si
454 539 492 584 ea
515 517 585 584 sola
601 511 822 603 spectarem,
844 511 1022 587 absolutum
1037 495 1061 576 α’
1072 511 1150 580 Dae
1163 511 1205 579 de
1219 515 1325 582 homi-

42 599 46 612 '
176 601 197 624 “’
213 605 311 671 nibus
326 604 453 671 Christi
473 604 659 668 interventu
680 596 818 663 beandis
833 597 999 666 decretum
1017 595 1123 663 Paulo
1137 597 1252 689 judica
1272 601 1326 666 ‘tra-

211 699 304 842 ptum
329 711 404 754 esse
420 688 647 754 demonstrare
665 703 810 770 nequeas
829 687 875 767 (v.
889 685 1025 772 supra),
1047 690 1157 761 tamen
1170 686 1324 773 Aponio.

40 839 42 847 .
154 805 159 838 ι
229 797 281 842 um
304 797 323 837 a
344 775 420 840 Deo
441 794 500 862 pao
515 773 651 842 arbitrio
672 769 821 836 delectos
844 790 937 850 esse,
963 767 1020 856 qui
1036 790 1134 855 quum
1151 769 1249 835 fatali
1266 793 1324 837 ne-

211 861 370 928 cessitate
390 858 496 925 cnacti
513 857 647 925 Christo
669 853 767 920 fidem
790 845 984 920 latuissent
998 863 1163 922 aeternam
1179 857 1324 928 felicita-

130 983 133 990 *
211 955 277 1012 tom
300 950 600 1034 consequerentur,
631 938 713 1006 illud
738 939 778 1004 de
798 937 916 1005 lsaaeo
936 937 1242 1006 datumoraculum
1289 965 1325 1009 er

202 1032 368 1113 'ambages
383 1029 572 1116 significare
587 1025 730 1103 dixisse,
745 1015 904 1092 vocabula
920 1047 948 1090 v.
963 1026 1015 1090 11.
1030 1022 1085 1090 iao
1100 1024 1121 1113 ἢ
1140 1023 1210 1092 κατ’
1224 966 1288 1092 sai
1306 1069 1326 1080 -

129 1151 132 1163 ¹
210 1130 270 1219 γὴν
292 1129 464 1218 πρόθεσις
483 1130 547 1210 nori¹
567 1130 653 1202 θεοῦ
674 1113 790 1209 μένῃ
811 1127 930 1202 docent
952 1125 1010 1211 (el.
1032 1115 1158 1214 supra).
1202 1125 1323 1216 Inepta

211 1222 404 1303 argumenta
421 1226 516 1296 sunt,
539 1212 660 1301 quihus
676 1221 788 1278 nostra
806 1210 903 1302 liujus
918 1211 942 1276 l.
962 1211 1197 1299 inteqpretatio
1214 1213 1325 1302 impu·

209 1308 309 1386 gnata
325 1309 389 1370 est.
418 1298 504 1365 Nam
520 1298 561 1363 de
576 1295 709 1364 decreto
723 1297 791 1362 Dei
805 1317 902 1382 snper
916 1298 965 1360 im
976 1305 1078 1364 mort
1089 1297 1148 1362 oli
1160 1297 1324 1365 dominum

208 1387 371 1474 felicitate
384 1388 480 1473 capte
495 1383 636 1450 Paulum
651 1405 681 1448 v.
699 1387 751 1449 ll.
768 1382 861 1468 loqui
878 1381 1028 1449 nonnulli
1043 1392 1182 1469 propter
1204 1405 1243 1449 ea
1263 1407 1324 1450 ne·

149 1495 154 1501 ¹
233 1480 349 1552 arunt,
377 1467 465 1559 quod
490 1470 615 1536 Genea.
637 1468 696 1543 25,
716 1469 769 1565 ²37
790 1477 824 1533 et
842 1466 924 1534 Mal.
950 1469 986 1545 p,
1001 1467 1033 1533 2.
1050 1468 1087 1534 3.=
1102 1484 1167 1532 nou
1182 1469 1223 1534 de
1239 1471 1324 1556 ipsis

209 1495 319 1622 isaaci
339 1558 438 1635 filiis,
461 1554 519 1620 s'ed
538 1553 579 1619 de
601 1555 754 1641 populis,
777 1574 861 1640 qnos
882 1551 1192 1642 condituriqsscnt‚
1214 1577 1325 1620 sermo

209 1644 407 1708 instituatur
420 1642 529 1728 iisque
546 1641 679 1728 populis
696 1660 803 1724 raeque
824 1637 1017 1716 felicitatem
1033 1646 1200 1704 aeternam
1217 1656 1324 1726 neque

209 1721 445 1816 sempiternam
460 1725 648 1806 miseriam,
670 1723 727 1790 sed
752 1724 919 1788 meliorem
936 1723 1202 1810 deterioremque
1216 1727 1325 1810 fortn-

208 1807 423 1898 narn,kqdam
447 1811 595 1876 homines
616 1817 692 1874 ante
712 1809 837 1888 obitum
851 1807 998 1873 habituri
1011 1816 1141 1896 essent,
1163 1811 1214 1876 ini
1231 1813 1324 1878 Deras

51 1915 55 1929 ¹
209 1899 378 1965 ominatos
396 1897 442 1962 sit
457 1898 503 1982 (v.
518 1895 726 1976 Linteolo,
751 1895 931 1974 litaretis„
957 1893 1135 1979 carpzov„
1159 1897 1323 1964 Noesseit.

131 2044 133 2051 ,
208 2007 240 2072 p.
257 1985 350 2065 161„
377 1977 526 2064 Tdoincc.
541 1982 612 2065 al.).
655 1981 713 2046 Aa
724 1975 764 2046 P.
782 1978 916 2066 quidem·
930 1979 1052 2066 Ganos.
1066 1979 1182 2060 eata.
1197 1981 1322 2051 etlilal.

210 2073 247 2152 1,
261 2070 292 2133 2.
307 2069 340 2136 3.
363 2067 403 2132 ad
425 2067 510 2152 ipsos
531 2064 642 2131 lsatrei
659 2063 745 2147 lilios
765 2063 897 2130 rettulit
919 2069 974 2148 (r.
998 2065 1133 2152 supra).
1188 2066 1323 2132 Deinde

208 2153 351 2221 Paulum
369 2154 493 2219 Gentes.
507 2151 561 2230 25,
576 2151 631 2217 23.
647 2150 851 2234 alleporioum
869 2149 1174 2235 interpretationem
1190 2151 1333 2235 ingres-¹

209 2261 281 2305 sum
306 2239 466 2303 servitute
483 2237 589 2302 Esavo
611 2233 827 2315 denunciata,
854 2234 1024 2298 dominatu
1049 2233 1173 2302 Jacono
1195 2238 1323 2302 indicto

208 2323 318 2392 Deum
338 2322 436 2387 simul
451 2321 638 2406 ampliorem
657 2340 725 2383 rem
741 2327 898 2406 tanquam
914 2341 974 2408 per
988 2326 1201 2384 transennam
1216 2323 1325 2388 tomi-

209 2409 306 2475 nibns
328 2407 553 2491 significasse,
575 2405 608 2470 lr.
623 2425 653 2472 e.
676 2425 712 2468 se
732 2404 897 2470 arbitratu
916 2427 976 2472 suo
990 2407 1156 2488 homiues,
1180 2409 1237 2493 qui
1262 2429 1325 2496 per
1407 2439 1408 2454 .

208 2493 378 2563 Christum
399 2490 584 2559 certissime
605 2490 803 2572 locarentur,
831 2487 1016 2574 delegisse,
1039 2490 1171 2558 eredere
1194 2493 1247 2558 illi
1271 2496 1323 2558 in-

100 2624 102 2632 .
208 2585 373 2668 terpretcs
393 2599 458 2642 non
479 2597 539 2666 per
564 2573 724 2640 endcrnnt
745 2575 810 2661 (oi.
827 2597 856 2643 v.
875 2579 927 2643 ll.
949 2573 1003 2640 iau
1020 2613 1058 2625 -
1074 2575 1155 2664 μένῃ
1178 2586 1213 2642 et
1235 2601 1322 2666 quae

209 2685 309 2752 snpra
324 2663 496 2747 diximus).
576 2681 660 2746 eque
674 2661 774 2726 aliter
788 2658 828 2729 P.
842 2683 874 2728 v.
886 2665 919 2729 7.
932 2661 965 2729 8.
982 2663 1104 2728 Genea.
1120 2665 1174 2744 21,
1191 2665 1244 2730 12.
1268 2667 1322 2728 in-

208 2757 414 2852 terpretatus
434 2757 499 2814 est.
549 2745 724 2824 Postremo
742 2768 825 2833 quae
840 2747 921 2815 Mal.
940 2750 968 2827 1,
983 2747 1027 2814 4.
1039 2745 1323 2838 deaEdomilmam

207 2835 334 2902 sedibus
345 2832 530 2922 perscripta
548 2839 626 2899 sunt
641 2840 763 2898 temero
778 2833 829 2897 illi
844 2832 1082 2920 explicatores,
1105 2855 1204 2919 quum
1221 2856 1252 2901 x.
1268 2837 1323 2904 13.

207 2918 707 3008 exponerent,immiscuerunt.
750 2915 838 2984 Nam
853 2916 892 2985 P.
908 2921 940 2984 a.
960 2918 1011 2985 13.
1032 2918 1084 2983 his
1098 2927 1226 2984 tanturn
1242 2943 1324 3008 pro-

232 3006 326 3070 hetae
350 3004 460 3070 rerlris
481 3025 563 3068 ustas
583 3010 651 3069 est:
677 3001 735 3066 τὸν
753 3000 872 3084 Ἰακὼβ
892 2996 1065 3088 ἠγάπησα,
1088 2999 1146 3066 τὸν
1161 3005 1198 3069 δὲ
1211 3000 1323 3070 Ἠσαῦ

207 3027 369 3176 iniuncto:
397 3091 443 3155 ita
464 3087 595 3176 quidem
616 3087 823 3174 explanatis:
858 3087 1016 3154 Iacobum
1038 3089 1321 3154 nondumnatnm

189 3215 196 3223 -=
207 3193 318 3245 amore
334 3175 441 3240 Deum
457 3175 640 3260 amplexum
658 3193 743 3252 esse,
756 3177 833 3257 e'rga
848 3172 1145 3238 Esavumnondum
1161 3175 1194 3239 in
1211 3172 1321 3242 luo'em

208 3259 331 3324 editum
353 3258 693 3346 odium'eoncepisss5
711 3265 748 3322 ut
763 3258 869 3323 Deum
885 3259 918 3322 in
932 3259 1019 3323 laceto
1034 3259 1200 3324 henricum
1215 3261 1321 3330 hean-

208 3343 322 3410 dorum
339 3344 587 3410 delsetnamore
597 3351 630 3407 et
642 3341 905 3409 invididdnelum
919 3361 993 3409 esse
1008 3365 1025 3407 e
1040 3345 1151 3412 literis
1166 3356 1323 3413 sosten-

208 3427 313 3497 deret.
356 3429 463 3516 Quam
478 3429 603 3496 obrem
619 3431 729 3492 utrum
739 3425 816 3518 jure
833 3426 870 3495 P.
883 3429 1059 3518 anlinjurid
1072 3429 1204 3494 tristem
1220 3453 1322 3498 suam

100 3589 102 3596 Α
151 3512 187 3610 3⁴
208 3514 405 3580 sententiam
428 3514 499 3580 illis
521 3513 567 3583 V.
583 3513 626 3580 Τ.
645 3512 730 3578 loeis
749 3514 931 3580 firmaverit
943 3512 1093 3580 dubitari
1111 3523 1240 3603 potest:
1264 3519 1322 3584 di-

155 3621 168 3655 :
207 3601 297 3663 xisse
313 3597 454 3674 Paulum
468 3599 559 3664 illam
577 3619 728 3686 asperam
743 3599 940 3664 sententiam
954 3599 1103 3686 locisque
1122 3601 1163 3670 Vs
1177 3599 1222 3669 T.
1231 3604 1322 3668 (mu-

207 3685 330 3749 uixisse
347 3686 398 3752 vir
413 3684 529 3751 doctus
542 3685 678 3770 rarique
694 3705 807 3749 amans
819 3683 998 3750 concedere
1011 3684 1119 3754 necet.
1156 3684 1322 3774 Plerique

208 3770 427 3858 interpretes,
455 3791 495 3837 ne
518 3769 644 3836 Paulus
669 3769 778 3833 Deum
805 3770 954 3856 iniquum
982 3778 1159 3855 tyranuum
1187 3772 1322 3840 iaceret

207 3867 398 3942 mentesque
418 3856 582 3923 hominnm
603 3853 710 3918 liberti
735 3856 905 3920 voluntate
924 3855 1088 3941 spoliatas
1108 3858 1320 3925 necessitate

96 3979 102 3984 -
167 3986 170 3996 ‚
206 3941 267 4006 fati
288 3941 486 4018 detinciret‚
509 3939 705 4024 theologicis
725 3941 814 4027 capti
836 3939 1049 4030 praejudiciis
1069 3941 1177 4008 Deum
1198 3964 1257 4010 ecs
1278 3954 1323 4012 ut

155 4095 159 4103 ,
206 4021 444 4112 perscrutatam
459 4027 637 4093 lacerentur
650 4025 833 4109 delegisse,
855 4023 1039 4114 (leocritiam
1055 4027 1178 4093 Christo
1190 4027 1322 4115 adjun-

92 4157 110 4186 .,
206 4119 313 4176 clatros
336 4112 560 4198 honestamque
580 4113 678 4176 sitnm
706 4118 835 4176 anteros
859 4133 925 4176 esee
951 4111 1242 4196 proscidisset
1268 4115 1322 4180 ab

128 4277 131 4280 Ι
206 4199 276 4282 Ap.
294 4198 325 4264 ln.
342 4200 365 4264 l.
383 4197 492 4260 doceri
508 4196 634 4284 opinati
651 4204 739 4260 sunt.
785 4193 937 4282 Namque
951 4195 1060 4262 Deum
1074 4194 1322 4274 iacobumdo-

205 4285 346 4361 animam,
367 4282 507 4348 Esaiam
535 4303 664 4354 sensnm
687 4280 918 4362 coristituisse,
940 4279 1026 4368 quod
1048 4281 1142 4346 illum
1158 4285 1325 4371 probum,

150 4430 154 4440 .
203 4364 288 4430 herrm
311 4368 494 4456 improbum
523 4367 670 4432 lntnnnm
697 4378 771 4432 esse
791 4365 956 4437 scivisset.
1006 4365 1059 4440 Gi.
1081 4388 1111 4435 a.
1136 4389 1165 4438 c.
1187 4369 1321 4456 Ganos.
1402 4377 1403 4421 ἶ
