<?xml version="1.0" encoding="UTF-8"?>
<!DOCTYPE html PUBLIC "-//W3C//DTD XHTML 1.0 Transitional//EN"
    "http://www.w3.org/TR/xhtml1/DTD/xhtml1-transitional.dtd">
<html xmlns="http://www.w3.org/1999/xhtml" xml:lang="en" lang="en">
 <head>
  <title>
</title>
<meta http-equiv="Content-Type" content="text/html;charset=utf-8" />
  <meta name='ocr-system' content='tesseract 3.04.00' />
  <meta name='ocr-capabilities' content='ocr_page ocr_carea ocr_par ocr_line ocrx_word'/>
</head>
<body>
  <div class='ocr_page' id='page_1' title='image "./pauliadromanose00fritgoog_0266.png"; bbox 0 0 2814 5056; ppageno 0'>
   <div class='ocr_carea' id='block_1_1' title="bbox 205 157 328 223">
    <p class='ocr_par' dir='ltr' id='par_1_1' title="bbox 205 157 328 223">
     <span class='ocr_line' id='line_1_1' title="bbox 205 157 328 223; baseline 0 -35"><span class='ocrx_word' id='word_1_1' title='bbox 205 157 328 223; x_wconf 32' lang='lat' dir='ltr'><em>th</em></span> 
     </span>
    </p>
   </div>
   <div class='ocr_carea' id='block_1_2' title="bbox 273 317 1226 462">
    <p class='ocr_par' dir='ltr' id='par_1_2' title="bbox 273 317 1252 462">
     <span class='ocr_line' id='line_1_2' title="bbox 273 317 1226 462; baseline -0.006 -22"><span class='ocrx_word' id='word_1_2' title='bbox 273 452 274 462; x_wconf 11' lang='grc' dir='ltr'><strong><em>Ν</em></strong></span> <span class='ocrx_word' id='word_1_3' title='bbox 370 365 628 454; x_wconf 53' lang='lat' dir='ltr'><strong>corax,</strong></span> <span class='ocrx_word' id='word_1_4' title='bbox 672 317 929 458; x_wconf 58' lang='lat' dir='ltr'><strong>rea-n.</strong></span> <span class='ocrx_word' id='word_1_5' title='bbox 1159 357 1226 434; x_wconf 97' lang='grc'><strong><em>253</em></strong></span> 
     </span>
    </p>
   </div>
   <div class='ocr_carea' id='block_1_3' title="bbox 27 505 1324 628">
    <p class='ocr_par' dir='ltr' id='par_1_3' title="bbox 27 505 1324 628">
     <span class='ocr_line' id='line_1_3' title="bbox 27 505 1324 628; baseline -0.003 -27"><span class='ocrx_word' id='word_1_6' title='bbox 27 541 30 612; x_wconf 71' lang='lat' dir='ltr'><strong>l</strong></span> <span class='ocrx_word' id='word_1_7' title='bbox 122 533 289 616; x_wconf 63' lang='lat' dir='ltr'><strong>censete)</strong></span> <span class='ocrx_word' id='word_1_8' title='bbox 332 505 1232 620; x_wconf 75' lang='grc'><strong><em>15255,522221512222121125,152551525125221111,</em></strong></span> <span class='ocrx_word' id='word_1_9' title='bbox 1310 606 1324 628; x_wconf 24' lang='lat' dir='ltr'><strong><em>s.</em></strong></span> 
     </span>
    </p>
   </div>
   <div class='ocr_carea' id='block_1_4' title="bbox 26 614 1274 1150">
    <p class='ocr_par' dir='ltr' id='par_1_4' title="bbox 26 614 1274 1150">
     <span class='ocr_line' id='line_1_4' title="bbox 26 614 1229 707; baseline 0 -23"><span class='ocrx_word' id='word_1_10' title='bbox 26 627 29 684; x_wconf 78' lang='grc'><strong><em>1</em></strong></span> <span class='ocrx_word' id='word_1_11' title='bbox 123 625 159 684; x_wconf 90' lang='grc'><strong><em>21</em></strong></span> <span class='ocrx_word' id='word_1_12' title='bbox 183 641 245 707; x_wconf 89' lang='lat' dir='ltr'><strong><em>pro</em></strong></span> <span class='ocrx_word' id='word_1_13' title='bbox 273 639 351 682; x_wconf 85' lang='lat' dir='ltr'><strong>caro</strong></span> <span class='ocrx_word' id='word_1_14' title='bbox 374 618 502 682; x_wconf 83' lang='lat' dir='ltr'><strong>homine</strong></span> <span class='ocrx_word' id='word_1_15' title='bbox 522 623 707 680; x_wconf 79' lang='lat' dir='ltr'><strong>extremum</strong></span> <span class='ocrx_word' id='word_1_16' title='bbox 735 614 895 678; x_wconf 87' lang='grc'><strong><em>5521255555</em></strong></span> <span class='ocrx_word' id='word_1_17' title='bbox 916 615 1087 706; x_wconf 76' lang='lat' dir='ltr'><strong>saricipere</strong></span> <span class='ocrx_word' id='word_1_18' title='bbox 1114 620 1229 704; x_wconf 87' lang='grc'><strong><em>521121,</em></strong></span> 
     </span>
     <span class='ocr_line' id='line_1_5' title="bbox 26 699 1227 791; baseline 0.001 -20"><span class='ocrx_word' id='word_1_19' title='bbox 26 739 28 784; x_wconf 49' lang='lat' dir='ltr'><strong>a</strong></span> <span class='ocrx_word' id='word_1_20' title='bbox 124 701 385 790; x_wconf 73' lang='lat' dir='ltr'><strong>qraandoquidem</strong></span> <span class='ocrx_word' id='word_1_21' title='bbox 403 704 494 768; x_wconf 94' lang='grc'><strong><em>12525</em></strong></span> <span class='ocrx_word' id='word_1_22' title='bbox 509 710 543 769; x_wconf 89' lang='grc'><strong><em>21</em></strong></span> <span class='ocrx_word' id='word_1_23' title='bbox 557 699 736 788; x_wconf 87' lang='lat' dir='ltr'><strong>voluptarii</strong></span> <span class='ocrx_word' id='word_1_24' title='bbox 751 699 977 768; x_wconf 75' lang='lat' dir='ltr'><strong>adolescentes</strong></span> <span class='ocrx_word' id='word_1_25' title='bbox 992 724 1029 768; x_wconf 92' lang='lat' dir='ltr'><strong>se</strong></span> <span class='ocrx_word' id='word_1_26' title='bbox 1045 723 1107 791; x_wconf 86' lang='lat' dir='ltr'><strong><em>pro</em></strong></span> <span class='ocrx_word' id='word_1_27' title='bbox 1121 705 1227 772; x_wconf 77' lang='grc'><strong><em>225121</em></strong></span> 
     </span>
     <span class='ocr_line' id='line_1_6' title="bbox 26 784 1228 872; baseline 0.004 -18"><span class='ocrx_word' id='word_1_28' title='bbox 26 791 27 800; x_wconf 77' lang='grc'>’</span> <span class='ocrx_word' id='word_1_29' title='bbox 122 797 258 869; x_wconf 85' lang='lat' dir='ltr'><strong>mortem</strong></span> <span class='ocrx_word' id='word_1_30' title='bbox 276 789 431 868; x_wconf 51' lang='lat' dir='ltr'><strong><em>¹adituros</em></strong></span> <span class='ocrx_word' id='word_1_31' title='bbox 450 808 545 870; x_wconf 87' lang='grc'><strong><em>2552,</em></strong></span> <span class='ocrx_word' id='word_1_32' title='bbox 572 794 630 852; x_wconf 84' lang='lat' dir='ltr'><strong>aut</strong></span> <span class='ocrx_word' id='word_1_33' title='bbox 652 784 855 872; x_wconf 67' lang='lat' dir='ltr'><strong>sempiterna</strong></span> <span class='ocrx_word' id='word_1_34' title='bbox 871 785 934 852; x_wconf 83' lang='grc'><strong><em>5551</em></strong></span> <span class='ocrx_word' id='word_1_35' title='bbox 956 789 1089 854; x_wconf 78' lang='lat' dir='ltr'><strong>miseria</strong></span> <span class='ocrx_word' id='word_1_36' title='bbox 1103 793 1228 858; x_wconf 83' lang='lat' dir='ltr'><strong>amicae</strong></span> 
     </span>
     <span class='ocr_line' id='line_1_7' title="bbox 121 867 1274 958; baseline 0.001 -18"><span class='ocrx_word' id='word_1_37' title='bbox 121 875 255 958; x_wconf 77' lang='lat' dir='ltr'><strong>gravius</strong></span> <span class='ocrx_word' id='word_1_38' title='bbox 267 873 472 958; x_wconf 81' lang='lat' dir='ltr'><strong>aegnotantis</strong></span> <span class='ocrx_word' id='word_1_39' title='bbox 485 875 625 939; x_wconf 87' lang='grc'><strong><em>55151252</em></strong></span> <span class='ocrx_word' id='word_1_40' title='bbox 641 871 849 937; x_wconf 80' lang='grc'><strong><em>5212512525</em></strong></span> <span class='ocrx_word' id='word_1_41' title='bbox 862 891 938 937; x_wconf 89' lang='grc'><strong><em>2552</em></strong></span> <span class='ocrx_word' id='word_1_42' title='bbox 953 875 1041 939; x_wconf 89' lang='lat' dir='ltr'><strong>omni</strong></span> <span class='ocrx_word' id='word_1_43' title='bbox 1057 893 1228 941; x_wconf 82' lang='lat' dir='ltr'><strong>assevera-</strong></span> <span class='ocrx_word' id='word_1_44' title='bbox 1269 867 1274 890; x_wconf 81' lang='lat'><em>&#39;</em></span> 
     </span>
     <span class='ocr_line' id='line_1_8' title="bbox 104 953 1227 1052; baseline 0.001 -26"><span class='ocrx_word' id='word_1_45' title='bbox 104 963 208 1042; x_wconf 78' lang='lat' dir='ltr'><strong><em>¹tinam</em></strong></span> <span class='ocrx_word' id='word_1_46' title='bbox 224 982 323 1052; x_wconf 88' lang='lat' dir='ltr'><strong>saepo</strong></span> <span class='ocrx_word' id='word_1_47' title='bbox 339 959 518 1026; x_wconf 84' lang='lat' dir='ltr'><strong>allicmant.</strong></span> <span class='ocrx_word' id='word_1_48' title='bbox 558 953 679 1044; x_wconf 82' lang='lat' dir='ltr'><strong>ltaque</strong></span> <span class='ocrx_word' id='word_1_49' title='bbox 694 957 803 1044; x_wconf 87' lang='lat' dir='ltr'><strong>ipsum</strong></span> <span class='ocrx_word' id='word_1_50' title='bbox 819 954 916 1022; x_wconf 86' lang='lat' dir='ltr'><strong>Pauli</strong></span> <span class='ocrx_word' id='word_1_51' title='bbox 930 968 1041 1026; x_wconf 86' lang='lat' dir='ltr'><strong>votum</strong></span> <span class='ocrx_word' id='word_1_52' title='bbox 1057 961 1143 1026; x_wconf 89' lang='lat' dir='ltr'><strong>nihil</strong></span> <span class='ocrx_word' id='word_1_53' title='bbox 1160 961 1227 1030; x_wconf 88' lang='lat' dir='ltr'><strong>nisi</strong></span> 
     </span>
     <span class='ocr_line' id='line_1_9' title="bbox 120 1041 1229 1150; baseline 0 -37"><span class='ocrx_word' id='word_1_54' title='bbox 120 1047 328 1115; x_wconf 79' lang='lat' dir='ltr'><strong><em>¹vulnementer</em></strong></span> <span class='ocrx_word' id='word_1_55' title='bbox 347 1052 421 1111; x_wconf 87' lang='grc'><strong><em>22515</em></strong></span> <span class='ocrx_word' id='word_1_56' title='bbox 435 1043 613 1134; x_wconf 77' lang='lat' dir='ltr'><strong>populares</strong></span> <span class='ocrx_word' id='word_1_57' title='bbox 628 1064 709 1108; x_wconf 86' lang='lat' dir='ltr'><strong>suos</strong></span> <span class='ocrx_word' id='word_1_58' title='bbox 720 1041 882 1108; x_wconf 75' lang='lat' dir='ltr'><strong>dilexisse</strong></span> <span class='ocrx_word' id='word_1_59' title='bbox 901 1042 1013 1128; x_wconf 91' lang='lat' dir='ltr'><strong>docet,</strong></span> <span class='ocrx_word' id='word_1_60' title='bbox 1036 1046 1123 1150; x_wconf 76' lang='lat' dir='ltr'><strong>quood</strong></span> <span class='ocrx_word' id='word_1_61' title='bbox 1138 1053 1229 1114; x_wconf 84' lang='grc'><strong><em>52212</em></strong></span> 
     </span>
    </p>
   </div>
   <div class='ocr_carea' id='block_1_5' title="bbox 22 1125 1339 1218">
    <p class='ocr_par' dir='ltr' id='par_1_5' title="bbox 22 1125 1339 1218">
     <span class='ocr_line' id='line_1_10' title="bbox 22 1125 1339 1218; baseline -0.002 -17"><span class='ocrx_word' id='word_1_62' title='bbox 22 1183 24 1201; x_wconf 36' lang='lat' dir='ltr'><strong>a</strong></span> <span class='ocrx_word' id='word_1_63' title='bbox 121 1131 217 1212; x_wconf 89' lang='grc'><strong><em>12211,</em></strong></span> <span class='ocrx_word' id='word_1_64' title='bbox 237 1141 272 1196; x_wconf 88' lang='grc'><strong><em>21</em></strong></span> <span class='ocrx_word' id='word_1_65' title='bbox 285 1130 362 1218; x_wconf 87' lang='lat' dir='ltr'><strong>quia</strong></span> <span class='ocrx_word' id='word_1_66' title='bbox 379 1130 430 1196; x_wconf 90' lang='grc'><strong><em>521</em></strong></span> <span class='ocrx_word' id='word_1_67' title='bbox 449 1129 568 1195; x_wconf 63' lang='lat' dir='ltr'><strong>naturai</strong></span> <span class='ocrx_word' id='word_1_68' title='bbox 587 1125 668 1193; x_wconf 89' lang='lat' dir='ltr'><strong>duco</strong></span> <span class='ocrx_word' id='word_1_69' title='bbox 688 1134 822 1194; x_wconf 85' lang='lat' dir='ltr'><strong>nostrae</strong></span> <span class='ocrx_word' id='word_1_70' title='bbox 836 1127 954 1216; x_wconf 85' lang='lat' dir='ltr'><strong>stirpis</strong></span> <span class='ocrx_word' id='word_1_71' title='bbox 970 1130 1121 1198; x_wconf 88' lang='lat' dir='ltr'><strong>hommes</strong></span> <span class='ocrx_word' id='word_1_72' title='bbox 1133 1152 1230 1199; x_wconf 86' lang='lat' dir='ltr'><strong>caros</strong></span> <span class='ocrx_word' id='word_1_73' title='bbox 1271 1185 1273 1202; x_wconf 91' lang='lat'>.</span> <span class='ocrx_word' id='word_1_74' title='bbox 1335 1135 1339 1149; x_wconf 95' lang='grc'><em>’</em></span> 
     </span>
    </p>
   </div>
   <div class='ocr_carea' id='block_1_6' title="bbox 122 1209 1231 1302">
    <p class='ocr_par' dir='ltr' id='par_1_6' title="bbox 122 1209 1231 1302">
     <span class='ocr_line' id='line_1_11' title="bbox 122 1209 1231 1302; baseline 0.002 -20"><span class='ocrx_word' id='word_1_75' title='bbox 122 1217 277 1283; x_wconf 80' lang='lat' dir='ltr'><strong>habemus</strong></span> <span class='ocrx_word' id='word_1_76' title='bbox 296 1225 343 1301; x_wconf 79' lang='grc'><strong><em>(5.</em></strong></span> <span class='ocrx_word' id='word_1_77' title='bbox 359 1216 393 1284; x_wconf 90' lang='grc'><strong><em>3.</em></strong></span> <span class='ocrx_word' id='word_1_78' title='bbox 414 1210 503 1300; x_wconf 78' lang='grc' dir='ltr'><strong><em>ὑπὲρ</em></strong></span> <span class='ocrx_word' id='word_1_79' title='bbox 521 1215 587 1280; x_wconf 81' lang='grc' dir='ltr'><strong><em>τῶν</em></strong></span> <span class='ocrx_word' id='word_1_80' title='bbox 609 1209 766 1298; x_wconf 63' lang='lat' dir='ltr'><strong>&lt;idolatria</strong></span> <span class='ocrx_word' id='word_1_81' title='bbox 783 1234 865 1295; x_wconf 89' lang='grc' dir='ltr'><strong><em>μου,</em></strong></span> <span class='ocrx_word' id='word_1_82' title='bbox 889 1214 954 1278; x_wconf 74' lang='lat' dir='ltr'><strong><em>cdv</em></strong></span> <span class='ocrx_word' id='word_1_83' title='bbox 970 1218 1130 1302; x_wconf 76' lang='grc' dir='ltr'><strong><em>συγγενῶν</em></strong></span> <span class='ocrx_word' id='word_1_84' title='bbox 1145 1217 1231 1287; x_wconf 68' lang='lat' dir='ltr'><strong><em>aaa&amp;</em></strong></span> 
     </span>
    </p>
   </div>
   <div class='ocr_carea' id='block_1_7' title="bbox 62 1296 1355 1403">
    <p class='ocr_par' dir='ltr' id='par_1_7' title="bbox 62 1296 1355 1403">
     <span class='ocr_line' id='line_1_12' title="bbox 62 1296 1355 1403; baseline -0.002 -34"><span class='ocrx_word' id='word_1_85' title='bbox 62 1377 65 1386; x_wconf 48' lang='lat'><strong><em>‚</em></strong></span> <span class='ocrx_word' id='word_1_86' title='bbox 120 1296 261 1388; x_wconf 71' lang='lat' dir='ltr'><strong>troipas),</strong></span> <span class='ocrx_word' id='word_1_87' title='bbox 290 1309 324 1369; x_wconf 97' lang='grc'><strong><em>21</em></strong></span> <span class='ocrx_word' id='word_1_88' title='bbox 346 1301 500 1403; x_wconf 72' lang='lat' dir='ltr'><strong>opponiarn</strong></span> <span class='ocrx_word' id='word_1_89' title='bbox 513 1297 702 1382; x_wconf 81' lang='lat' dir='ltr'><strong>condignos</strong></span> <span class='ocrx_word' id='word_1_90' title='bbox 716 1320 790 1364; x_wconf 86' lang='lat' dir='ltr'><strong>esse</strong></span> <span class='ocrx_word' id='word_1_91' title='bbox 805 1299 862 1386; x_wconf 85' lang='lat' dir='ltr'><strong><em>qui</em></strong></span> <span class='ocrx_word' id='word_1_92' title='bbox 881 1299 1102 1384; x_wconf 81' lang='lat' dir='ltr'><strong>diligerentur</strong></span> <span class='ocrx_word' id='word_1_93' title='bbox 1114 1299 1230 1368; x_wconf 80' lang='lat' dir='ltr'><strong>multis</strong></span> <span class='ocrx_word' id='word_1_94' title='bbox 1293 1375 1297 1386; x_wconf 47' lang='grc'><strong><em>,</em></strong></span> <span class='ocrx_word' id='word_1_95' title='bbox 1348 1337 1355 1356; x_wconf 83' lang='lat'><strong>·</strong></span> 
     </span>
    </p>
   </div>
   <div class='ocr_carea' id='block_1_8' title="bbox 117 1381 1266 1991">
    <p class='ocr_par' dir='ltr' id='par_1_8' title="bbox 117 1381 1266 1991">
     <span class='ocr_line' id='line_1_13' title="bbox 120 1381 1230 1476; baseline 0 -22"><span class='ocrx_word' id='word_1_96' title='bbox 120 1387 214 1468; x_wconf 89' lang='lat' dir='ltr'><strong>Deus</strong></span> <span class='ocrx_word' id='word_1_97' title='bbox 235 1388 404 1452; x_wconf 86' lang='lat' dir='ltr'><strong>beneficus</strong></span> <span class='ocrx_word' id='word_1_98' title='bbox 420 1408 453 1452; x_wconf 92' lang='grc'><strong><em>52</em></strong></span> <span class='ocrx_word' id='word_1_99' title='bbox 475 1407 532 1455; x_wconf 83' lang='grc'><strong><em>225</em></strong></span> <span class='ocrx_word' id='word_1_100' title='bbox 545 1385 676 1450; x_wconf 86' lang='lat' dir='ltr'><strong>collatis</strong></span> <span class='ocrx_word' id='word_1_101' title='bbox 688 1381 880 1450; x_wconf 88' lang='lat' dir='ltr'><strong>ostenderat</strong></span> <span class='ocrx_word' id='word_1_102' title='bbox 898 1387 1118 1476; x_wconf 61' lang='grc'><strong><em>(21212).</em></strong></span> <span class='ocrx_word' id='word_1_103' title='bbox 1161 1388 1230 1454; x_wconf 80' lang='lat' dir='ltr'><strong>Sed</strong></span> 
     </span>
     <span class='ocr_line' id='line_1_14' title="bbox 121 1463 1237 1560; baseline 0.001 -22"><span class='ocrx_word' id='word_1_104' title='bbox 121 1469 216 1556; x_wconf 78' lang='lat' dir='ltr'><strong>Pauli</strong></span> <span class='ocrx_word' id='word_1_105' title='bbox 238 1474 406 1557; x_wconf 77' lang='lat' dir='ltr'><strong>ingenium</strong></span> <span class='ocrx_word' id='word_1_106' title='bbox 427 1479 463 1536; x_wconf 90' lang='grc'><strong><em>21</em></strong></span> <span class='ocrx_word' id='word_1_107' title='bbox 484 1472 551 1536; x_wconf 91' lang='grc'><strong><em>5112</em></strong></span> <span class='ocrx_word' id='word_1_108' title='bbox 575 1480 610 1534; x_wconf 90' lang='grc'><strong><em>21</em></strong></span> <span class='ocrx_word' id='word_1_109' title='bbox 636 1490 745 1536; x_wconf 87' lang='lat' dir='ltr'><strong>moces</strong></span> <span class='ocrx_word' id='word_1_110' title='bbox 762 1490 831 1536; x_wconf 90' lang='lat' dir='ltr'><strong><em>non</em></strong></span> <span class='ocrx_word' id='word_1_111' title='bbox 851 1471 1066 1560; x_wconf 85' lang='lat' dir='ltr'><strong>permittunt,</strong></span> <span class='ocrx_word' id='word_1_112' title='bbox 1094 1482 1131 1540; x_wconf 88' lang='lat' dir='ltr'><strong>ut</strong></span> <span class='ocrx_word' id='word_1_113' title='bbox 1145 1463 1237 1556; x_wconf 85' lang='lat' dir='ltr'><strong>eum,&#39;</strong></span> 
     </span>
     <span class='ocr_line' id='line_1_15' title="bbox 120 1553 1231 1646; baseline 0 -20"><span class='ocrx_word' id='word_1_114' title='bbox 120 1557 392 1646; x_wconf 81' lang='lat' dir='ltr'><strong>quemadmodum</strong></span> <span class='ocrx_word' id='word_1_115' title='bbox 408 1556 500 1632; x_wconf 78' lang='lat' dir='ltr'><strong>leves</strong></span> <span class='ocrx_word' id='word_1_116' title='bbox 524 1553 674 1622; x_wconf 84' lang='grc'><strong><em>1525515525</em></strong></span> <span class='ocrx_word' id='word_1_117' title='bbox 690 1556 809 1635; x_wconf 83' lang='lat' dir='ltr'><strong>solent,</strong></span> <span class='ocrx_word' id='word_1_118' title='bbox 831 1577 975 1622; x_wconf 87' lang='lat' dir='ltr'><strong>amorem</strong></span> <span class='ocrx_word' id='word_1_119' title='bbox 989 1579 1066 1642; x_wconf 85' lang='lat' dir='ltr'><strong>erga</strong></span> <span class='ocrx_word' id='word_1_120' title='bbox 1083 1559 1231 1646; x_wconf 80' lang='lat' dir='ltr'><strong>Judaeos</strong></span> 
     </span>
     <span class='ocr_line' id='line_1_16' title="bbox 119 1639 1230 1734; baseline 0.001 -24"><span class='ocrx_word' id='word_1_121' title='bbox 119 1653 242 1711; x_wconf 89' lang='grc'><strong><em>1255252</em></strong></span> <span class='ocrx_word' id='word_1_122' title='bbox 261 1645 412 1734; x_wconf 82' lang='lat' dir='ltr'><strong>jactasse</strong></span> <span class='ocrx_word' id='word_1_123' title='bbox 430 1648 603 1731; x_wconf 86' lang='lat' dir='ltr'><strong>putemus,</strong></span> <span class='ocrx_word' id='word_1_124' title='bbox 632 1641 907 1732; x_wconf 87' lang='lat' dir='ltr'><strong>imopostulant‚</strong></span> <span class='ocrx_word' id='word_1_125' title='bbox 938 1639 1230 1732; x_wconf 72' lang='grc' dir='ltr'><strong><em>5122212255οέ</em></strong></span> 
     </span>
     <span class='ocr_line' id='line_1_17' title="bbox 120 1729 1231 1815; baseline 0.004 -21"><span class='ocrx_word' id='word_1_126' title='bbox 120 1732 260 1796; x_wconf 88' lang='grc'><strong><em>55252511</em></strong></span> <span class='ocrx_word' id='word_1_127' title='bbox 281 1736 392 1797; x_wconf 82' lang='lat' dir='ltr'><strong>votum</strong></span> <span class='ocrx_word' id='word_1_128' title='bbox 412 1736 447 1794; x_wconf 93' lang='grc'><strong><em>21</em></strong></span> <span class='ocrx_word' id='word_1_129' title='bbox 466 1735 752 1815; x_wconf 75' lang='lat' dir='ltr'><strong>suscepturum&#39;et</strong></span> <span class='ocrx_word' id='word_1_130' title='bbox 771 1729 1018 1815; x_wconf 83' lang='lat' dir='ltr'><strong>persoluturum</strong></span> <span class='ocrx_word' id='word_1_131' title='bbox 1037 1731 1141 1797; x_wconf 88' lang='grc'><strong><em>1551552</em></strong></span> <span class='ocrx_word' id='word_1_132' title='bbox 1158 1755 1231 1798; x_wconf 86' lang='grc'><strong><em>252-</em></strong></span> 
     </span>
     <span class='ocr_line' id='line_1_18' title="bbox 117 1811 1230 1902; baseline 0.002 -21"><span class='ocrx_word' id='word_1_133' title='bbox 117 1815 253 1898; x_wconf 83' lang='lat' dir='ltr'><strong>damus,</strong></span> <span class='ocrx_word' id='word_1_134' title='bbox 282 1815 312 1882; x_wconf 88' lang='grc'><strong><em>51</em></strong></span> <span class='ocrx_word' id='word_1_135' title='bbox 333 1836 372 1880; x_wconf 89' lang='grc'><strong><em>22</em></strong></span> <span class='ocrx_word' id='word_1_136' title='bbox 382 1820 511 1902; x_wconf 86' lang='lat' dir='ltr'><strong>pestem</strong></span> <span class='ocrx_word' id='word_1_137' title='bbox 527 1814 569 1877; x_wconf 85' lang='grc'><strong><em>215</em></strong></span> <span class='ocrx_word' id='word_1_138' title='bbox 584 1811 725 1880; x_wconf 81' lang='lat' dir='ltr'><strong>ludaeis</strong></span> <span class='ocrx_word' id='word_1_139' title='bbox 745 1823 896 1879; x_wconf 85' lang='grc'><strong><em>25251252</em></strong></span> <span class='ocrx_word' id='word_1_140' title='bbox 910 1815 1088 1902; x_wconf 79' lang='lat' dir='ltr'><strong>potuisset.</strong></span> <span class='ocrx_word' id='word_1_141' title='bbox 1131 1818 1230 1885; x_wconf 90' lang='lat' dir='ltr'><strong>Nunc</strong></span> 
     </span>
     <span class='ocr_line' id='line_1_19' title="bbox 119 1897 1266 1991; baseline 0 -23"><span class='ocrx_word' id='word_1_142' title='bbox 119 1901 284 1973; x_wconf 81' lang='lat' dir='ltr'><strong>mirabilia</strong></span> <span class='ocrx_word' id='word_1_143' title='bbox 295 1913 412 1967; x_wconf 77' lang='lat' dir='ltr'><strong>&#39;eorum</strong></span> <span class='ocrx_word' id='word_1_144' title='bbox 426 1897 645 1987; x_wconf 78' lang='lat' dir='ltr'><strong>interpretum</strong></span> <span class='ocrx_word' id='word_1_145' title='bbox 657 1908 839 1965; x_wconf 86' lang='lat' dir='ltr'><strong>commenta</strong></span> <span class='ocrx_word' id='word_1_146' title='bbox 853 1898 1034 1966; x_wconf 87' lang='lat' dir='ltr'><strong>rolellenda</strong></span> <span class='ocrx_word' id='word_1_147' title='bbox 1050 1911 1140 1984; x_wconf 88' lang='grc'><strong><em>5551,</em></strong></span> <span class='ocrx_word' id='word_1_148' title='bbox 1154 1904 1231 1991; x_wconf 72' lang='lat' dir='ltr'><strong>qui,</strong></span> <span class='ocrx_word' id='word_1_149' title='bbox 1261 1949 1266 1961; x_wconf 86' lang='lat'>.</span> 
     </span>
    </p>
   </div>
   <div class='ocr_carea' id='block_1_9' title="bbox 119 1983 1345 2080">
    <p class='ocr_par' dir='ltr' id='par_1_9' title="bbox 119 1983 1345 2080">
     <span class='ocr_line' id='line_1_20' title="bbox 119 1983 1345 2080; baseline 0 -26"><span class='ocrx_word' id='word_1_150' title='bbox 119 2009 159 2054; x_wconf 88' lang='lat' dir='ltr'><strong><em>ne</em></strong></span> <span class='ocrx_word' id='word_1_151' title='bbox 179 1987 319 2076; x_wconf 89' lang='lat' dir='ltr'><strong>impium</strong></span> <span class='ocrx_word' id='word_1_152' title='bbox 353 1984 395 2058; x_wconf 84' lang='grc' dir='ltr'><strong><em>Ρ.</em></strong></span> <span class='ocrx_word' id='word_1_153' title='bbox 419 1993 529 2062; x_wconf 78' lang='lat' dir='ltr'><strong>retum</strong></span> <span class='ocrx_word' id='word_1_154' title='bbox 558 1983 816 2072; x_wconf 75' lang='lat' dir='ltr'><strong>nuncupaverit,</strong></span> <span class='ocrx_word' id='word_1_155' title='bbox 850 1985 1023 2058; x_wconf 86' lang='grc'><strong><em>51225152</em></strong></span> <span class='ocrx_word' id='word_1_156' title='bbox 1049 1991 1230 2080; x_wconf 78' lang='lat' dir='ltr'><strong>explicatio</strong></span> <span class='ocrx_word' id='word_1_157' title='bbox 1341 2049 1345 2054; x_wconf 88' lang='grc'><em>,</em></span> 
     </span>
    </p>
   </div>
   <div class='ocr_carea' id='block_1_10' title="bbox 117 2068 1232 2333">
    <p class='ocr_par' dir='ltr' id='par_1_10' title="bbox 117 2068 1232 2333">
     <span class='ocr_line' id='line_1_21' title="bbox 118 2068 1232 2162; baseline 0.001 -24"><span class='ocrx_word' id='word_1_158' title='bbox 118 2073 258 2162; x_wconf 85' lang='lat' dir='ltr'><strong>probata</strong></span> <span class='ocrx_word' id='word_1_159' title='bbox 278 2072 401 2152; x_wconf 87' lang='lat' dir='ltr'><strong>luerit,</strong></span> <span class='ocrx_word' id='word_1_160' title='bbox 428 2070 547 2151; x_wconf 88' lang='lat' dir='ltr'><strong>veriti,</strong></span> <span class='ocrx_word' id='word_1_161' title='bbox 575 2068 648 2158; x_wconf 85' lang='lat' dir='ltr'><strong>ejus</strong></span> <span class='ocrx_word' id='word_1_162' title='bbox 667 2091 700 2140; x_wconf 87' lang='lat' dir='ltr'><strong><em>v.</em></strong></span> <span class='ocrx_word' id='word_1_163' title='bbox 722 2069 804 2146; x_wconf 86' lang='lat' dir='ltr'><strong>mire</strong></span> <span class='ocrx_word' id='word_1_164' title='bbox 827 2080 1072 2144; x_wconf 80' lang='lat' dir='ltr'><strong>contorserunt.</strong></span> <span class='ocrx_word' id='word_1_165' title='bbox 1122 2075 1232 2141; x_wconf 87' lang='lat' dir='ltr'><strong>Vetus</strong></span> 
     </span>
     <span class='ocr_line' id='line_1_22' title="bbox 120 2155 1231 2309; baseline 0.002 -85"><span class='ocrx_word' id='word_1_166' title='bbox 120 2159 232 2262; x_wconf 77' lang='lat' dir='ltr'><strong>ppinio</strong></span> <span class='ocrx_word' id='word_1_167' title='bbox 245 2167 315 2262; x_wconf 79' lang='grc'><strong><em>251,</em></strong></span> <span class='ocrx_word' id='word_1_168' title='bbox 337 2155 501 2258; x_wconf 74' lang='lat' dir='ltr'><strong>quaejam</strong></span> <span class='ocrx_word' id='word_1_169' title='bbox 516 2179 535 2222; x_wconf 89' lang='lat' dir='ltr'><strong>a</strong></span> <span class='ocrx_word' id='word_1_170' title='bbox 551 2155 775 2254; x_wconf 73' lang='lat' dir='ltr'><strong>Chryscstomo</strong></span> <span class='ocrx_word' id='word_1_171' title='bbox 786 2167 1036 2226; x_wconf 84' lang='lat' dir='ltr'><strong>commemorata</strong></span> <span class='ocrx_word' id='word_1_172' title='bbox 1053 2163 1231 2309; x_wconf 85' lang='lat' dir='ltr'><strong>permultis</strong></span> 
     </span>
     <span class='ocr_line' id='line_1_23' title="bbox 117 2239 1231 2333; baseline 0 -22"><span class='ocrx_word' id='word_1_173' title='bbox 117 2243 358 2333; x_wconf 82' lang='lat' dir='ltr'><strong>roterpcetrbus</strong></span> <span class='ocrx_word' id='word_1_174' title='bbox 387 2243 514 2331; x_wconf 81' lang='lat' dir='ltr'><strong>placant</strong></span> <span class='ocrx_word' id='word_1_175' title='bbox 540 2241 636 2327; x_wconf 87' lang='grc'><strong><em>(5.2.</em></strong></span> <span class='ocrx_word' id='word_1_176' title='bbox 659 2239 855 2323; x_wconf 76' lang='lat' dir='ltr'><strong>Haeronymo</strong></span> <span class='ocrx_word' id='word_1_177' title='bbox 876 2264 930 2330; x_wconf 88' lang='lat' dir='ltr'><strong>ep.</strong></span> <span class='ocrx_word' id='word_1_178' title='bbox 951 2242 994 2308; x_wconf 89' lang='lat' dir='ltr'><strong><em>ad</em></strong></span> <span class='ocrx_word' id='word_1_179' title='bbox 1017 2247 1051 2311; x_wconf 89' lang='lat' dir='ltr'><strong>A</strong></span> <span class='ocrx_word' id='word_1_180' title='bbox 1069 2267 1101 2328; x_wconf 80' lang='lat' dir='ltr'><strong><em>g.</em></strong></span> <span class='ocrx_word' id='word_1_181' title='bbox 1125 2268 1181 2333; x_wconf 86' lang='lat' dir='ltr'><strong><em>qu.</em></strong></span> <span class='ocrx_word' id='word_1_182' title='bbox 1196 2249 1231 2328; x_wconf 85' lang='grc'><strong><em>9,</em></strong></span> 
     </span>
    </p>
   </div>
   <div class='ocr_carea' id='block_1_11' title="bbox 14 2325 1228 2420">
    <p class='ocr_par' dir='ltr' id='par_1_11' title="bbox 14 2325 1228 2420">
     <span class='ocr_line' id='line_1_24' title="bbox 14 2325 1228 2420; baseline 0.003 -27"><span class='ocrx_word' id='word_1_183' title='bbox 14 2347 16 2372; x_wconf 57' lang='lat'>³</span> <span class='ocrx_word' id='word_1_184' title='bbox 120 2331 259 2415; x_wconf 71' lang='grc'><strong><em>229252,</em></strong></span> <span class='ocrx_word' id='word_1_185' title='bbox 296 2330 451 2408; x_wconf 83' lang='lat' dir='ltr'><strong>Elsnero,</strong></span> <span class='ocrx_word' id='word_1_186' title='bbox 486 2326 682 2412; x_wconf 80' lang='lat' dir='ltr'><strong>Gnrpzouio,</strong></span> <span class='ocrx_word' id='word_1_187' title='bbox 714 2325 881 2393; x_wconf 81' lang='lat' dir='ltr'><strong>Nocsselto</strong></span> <span class='ocrx_word' id='word_1_188' title='bbox 906 2329 932 2397; x_wconf 88' lang='grc'><strong><em>1.</em></strong></span> <span class='ocrx_word' id='word_1_189' title='bbox 958 2349 987 2399; x_wconf 90' lang='grc'><strong><em>2.</em></strong></span> <span class='ocrx_word' id='word_1_190' title='bbox 1009 2352 1044 2419; x_wconf 87' lang='lat' dir='ltr'><strong><em>p.</em></strong></span> <span class='ocrx_word' id='word_1_191' title='bbox 1069 2331 1140 2402; x_wconf 86' lang='grc'><strong><em>136.</em></strong></span> <span class='ocrx_word' id='word_1_192' title='bbox 1162 2355 1228 2420; x_wconf 74' lang='grc'><strong><em>52,,</em></strong></span> 
     </span>
    </p>
   </div>
   <div class='ocr_carea' id='block_1_12' title="bbox 81 2407 1332 2841">
    <p class='ocr_par' dir='ltr' id='par_1_12' title="bbox 81 2407 1332 2841">
     <span class='ocr_line' id='line_1_25' title="bbox 119 2407 1292 2498; baseline 0.002 -16"><span class='ocrx_word' id='word_1_193' title='bbox 119 2417 290 2496; x_wconf 74' lang='grc'><strong><em>11222252,</em></strong></span> <span class='ocrx_word' id='word_1_194' title='bbox 328 2407 458 2493; x_wconf 79' lang='lat' dir='ltr'><strong>Finito,</strong></span> <span class='ocrx_word' id='word_1_195' title='bbox 492 2411 694 2494; x_wconf 76' lang='grc'><strong><em>1121212512,</em></strong></span> <span class='ocrx_word' id='word_1_196' title='bbox 722 2410 869 2493; x_wconf 78' lang='grc'><strong><em>8212112,</em></strong></span> <span class='ocrx_word' id='word_1_197' title='bbox 908 2414 1096 2498; x_wconf 82' lang='lat' dir='ltr'><strong>Ammonio,</strong></span> <span class='ocrx_word' id='word_1_198' title='bbox 1128 2417 1231 2484; x_wconf 86' lang='lat' dir='ltr'><strong>Bret·</strong></span> <span class='ocrx_word' id='word_1_199' title='bbox 1287 2451 1292 2468; x_wconf 57' lang='grc' dir='ltr'><em>ι</em></span> 
     </span>
     <span class='ocr_line' id='line_1_26' title="bbox 81 2495 1230 2589; baseline 0.003 -23"><span class='ocrx_word' id='word_1_200' title='bbox 81 2573 86 2582; x_wconf 56' lang='grc'><strong><em>,</em></strong></span> <span class='ocrx_word' id='word_1_201' title='bbox 116 2500 301 2567; x_wconf 75' lang='grc'><strong><em>2212211252</em></strong></span> <span class='ocrx_word' id='word_1_202' title='bbox 320 2499 356 2566; x_wconf 91' lang='grc'><strong><em>12</em></strong></span> <span class='ocrx_word' id='word_1_203' title='bbox 375 2497 462 2570; x_wconf 85' lang='lat' dir='ltr'><strong>Lex.</strong></span> <span class='ocrx_word' id='word_1_204' title='bbox 482 2499 560 2580; x_wconf 77' lang='grc'><strong><em>11),</em></strong></span> <span class='ocrx_word' id='word_1_205' title='bbox 594 2495 732 2588; x_wconf 78' lang='lat' dir='ltr'><strong>Paulum</strong></span> <span class='ocrx_word' id='word_1_206' title='bbox 754 2517 808 2578; x_wconf 89' lang='grc'><strong><em>52,</em></strong></span> <span class='ocrx_word' id='word_1_207' title='bbox 837 2505 1073 2568; x_wconf 82' lang='grc'><strong><em>215225252125</em></strong></span> <span class='ocrx_word' id='word_1_208' title='bbox 1089 2526 1149 2589; x_wconf 83' lang='lat' dir='ltr'><strong><em>pro</em></strong></span> <span class='ocrx_word' id='word_1_209' title='bbox 1171 2504 1230 2570; x_wconf 81' lang='grc'><strong><em>155-</em></strong></span> 
     </span>
     <span class='ocr_line' id='line_1_27' title="bbox 116 2581 1230 2676; baseline 0 -24"><span class='ocrx_word' id='word_1_210' title='bbox 116 2586 227 2667; x_wconf 82' lang='grc'><strong><em>12212,</em></strong></span> <span class='ocrx_word' id='word_1_211' title='bbox 255 2581 445 2676; x_wconf 78' lang='lat' dir='ltr'><strong>optaturum</strong></span> <span class='ocrx_word' id='word_1_212' title='bbox 467 2603 542 2649; x_wconf 87' lang='grc'><strong><em>2552</em></strong></span> <span class='ocrx_word' id='word_1_213' title='bbox 565 2582 752 2662; x_wconf 84' lang='lat' dir='ltr'><strong>affirmare,</strong></span> <span class='ocrx_word' id='word_1_214' title='bbox 784 2582 902 2648; x_wconf 90' lang='grc'><strong><em>511522</em></strong></span> <span class='ocrx_word' id='word_1_215' title='bbox 928 2592 1005 2651; x_wconf 87' lang='grc'><strong><em>5212</em></strong></span> <span class='ocrx_word' id='word_1_216' title='bbox 1030 2608 1089 2652; x_wconf 89' lang='grc'><strong><em>225</em></strong></span> <span class='ocrx_word' id='word_1_217' title='bbox 1115 2588 1230 2654; x_wconf 81' lang='lat' dir='ltr'><strong>beatos</strong></span> 
     </span>
     <span class='ocr_line' id='line_1_28' title="bbox 107 2661 1332 2758; baseline 0.002 -23"><span class='ocrx_word' id='word_1_218' title='bbox 107 2669 259 2738; x_wconf 81' lang='grc'><strong><em>,5211252</em></strong></span> <span class='ocrx_word' id='word_1_219' title='bbox 277 2677 413 2758; x_wconf 86' lang='lat' dir='ltr'><strong>posset,</strong></span> <span class='ocrx_word' id='word_1_220' title='bbox 448 2688 645 2757; x_wconf 87' lang='lat' dir='ltr'><strong>quamquam</strong></span> <span class='ocrx_word' id='word_1_221' title='bbox 675 2688 788 2733; x_wconf 84' lang='lat' dir='ltr'><strong>vocem</strong></span> <span class='ocrx_word' id='word_1_222' title='bbox 813 2661 967 2751; x_wconf 77' lang='grc' dir='ltr'><em>ἀνάθεμα</em></span> <span class='ocrx_word' id='word_1_223' title='bbox 988 2673 1141 2738; x_wconf 87' lang='grc'><strong><em>21525152</em></strong></span> <span class='ocrx_word' id='word_1_224' title='bbox 1161 2669 1234 2738; x_wconf 71' lang='lat' dir='ltr'><strong>dna</strong></span> <span class='ocrx_word' id='word_1_225' title='bbox 1329 2685 1332 2693; x_wconf 94' lang='grc'>’</span> 
     </span>
     <span class='ocr_line' id='line_1_29' title="bbox 114 2753 1232 2841; baseline 0.004 -20"><span class='ocrx_word' id='word_1_226' title='bbox 114 2758 176 2822; x_wconf 75' lang='grc' dir='ltr'><strong><em>τοῦ</em></strong></span> <span class='ocrx_word' id='word_1_227' title='bbox 185 2755 345 2841; x_wconf 83' lang='grc' dir='ltr'><strong><em>Χριστοῦ</em></strong></span> <span class='ocrx_word' id='word_1_228' title='bbox 361 2754 582 2822; x_wconf 78' lang='lat' dir='ltr'><strong>diversimode</strong></span> <span class='ocrx_word' id='word_1_229' title='bbox 596 2753 831 2840; x_wconf 78' lang='lat' dir='ltr'><strong>explanarunt.</strong></span> <span class='ocrx_word' id='word_1_230' title='bbox 874 2756 950 2820; x_wconf 88' lang='lat' dir='ltr'><strong>Alii</strong></span> <span class='ocrx_word' id='word_1_231' title='bbox 968 2757 1059 2823; x_wconf 89' lang='lat' dir='ltr'><strong>enim</strong></span> <span class='ocrx_word' id='word_1_232' title='bbox 1076 2755 1232 2840; x_wconf 77' lang='grc' dir='ltr'><em>ἀνάθεμα</em></span> 
     </span>
    </p>
   </div>
   <div class='ocr_carea' id='block_1_13' title="bbox 114 2840 1357 2929">
    <p class='ocr_par' dir='ltr' id='par_1_13' title="bbox 114 2840 1357 2929">
     <span class='ocr_line' id='line_1_30' title="bbox 114 2840 1357 2929; baseline 0.001 -21"><span class='ocrx_word' id='word_1_233' title='bbox 114 2841 273 2908; x_wconf 81' lang='lat' dir='ltr'><strong>dominnm</strong></span> <span class='ocrx_word' id='word_1_234' title='bbox 301 2842 344 2908; x_wconf 86' lang='lat' dir='ltr'><strong>nd</strong></span> <span class='ocrx_word' id='word_1_235' title='bbox 374 2847 545 2907; x_wconf 80' lang='lat' dir='ltr'><strong>mortem</strong></span> <span class='ocrx_word' id='word_1_236' title='bbox 566 2840 710 2905; x_wconf 87' lang='lat' dir='ltr'><strong>devotum</strong></span> <span class='ocrx_word' id='word_1_237' title='bbox 740 2841 1231 2929; x_wconf 71' lang='grc'><strong><em>2212525251115525521(5.2.</em></strong></span> <span class='ocrx_word' id='word_1_238' title='bbox 1355 2919 1357 2926; x_wconf 25' lang='lat'><strong><em>¹</em></strong></span> 
     </span>
    </p>
   </div>
   <div class='ocr_carea' id='block_1_14' title="bbox 113 2918 1315 3614">
    <p class='ocr_par' dir='ltr' id='par_1_14' title="bbox 113 2918 1315 3526">
     <span class='ocr_line' id='line_1_31' title="bbox 114 2918 1230 3013; baseline 0.001 -21"><span class='ocrx_word' id='word_1_239' title='bbox 114 2926 316 3009; x_wconf 66' lang='lat' dir='ltr'><strong>Nemesin),</strong></span> <span class='ocrx_word' id='word_1_240' title='bbox 352 2926 413 2992; x_wconf 90' lang='lat' dir='ltr'><strong>olii</strong></span> <span class='ocrx_word' id='word_1_241' title='bbox 440 2918 595 3006; x_wconf 74' lang='grc' dir='ltr'><em>ἀνάθεμα</em></span> <span class='ocrx_word' id='word_1_242' title='bbox 620 2922 806 3008; x_wconf 84' lang='lat' dir='ltr'><strong>piaculum,</strong></span> <span class='ocrx_word' id='word_1_243' title='bbox 840 2922 998 2992; x_wconf 80' lang='lat' dir='ltr'><strong>hominem</strong></span> <span class='ocrx_word' id='word_1_244' title='bbox 1029 2929 1230 3013; x_wconf 82' lang='lat' dir='ltr'><strong>pi&#39;ucadorem</strong></span> 
     </span>
     <span class='ocr_line' id='line_1_32' title="bbox 113 3007 1229 3096; baseline 0.003 -20"><span class='ocrx_word' id='word_1_245' title='bbox 113 3014 163 3096; x_wconf 87' lang='grc'><strong><em>(5.</em></strong></span> <span class='ocrx_word' id='word_1_246' title='bbox 182 3011 423 3094; x_wconf 73' lang='grc'><strong><em>2112212212.)</em></strong></span> <span class='ocrx_word' id='word_1_247' title='bbox 444 3009 622 3092; x_wconf 73' lang='lat' dir='ltr'><strong>designare</strong></span> <span class='ocrx_word' id='word_1_248' title='bbox 644 3007 712 3073; x_wconf 89' lang='grc'><strong><em>51151</em></strong></span> <span class='ocrx_word' id='word_1_249' title='bbox 732 3019 985 3096; x_wconf 82' lang='lat' dir='ltr'><strong>persuaserunt.</strong></span> <span class='ocrx_word' id='word_1_250' title='bbox 1034 3012 1123 3078; x_wconf 80' lang='lat' dir='ltr'><strong>Tarm</strong></span> <span class='ocrx_word' id='word_1_251' title='bbox 1145 3009 1229 3080; x_wconf 77' lang='lat' dir='ltr'><strong>cini</strong></span> 
     </span>
     <span class='ocr_line' id='line_1_33' title="bbox 114 3081 1232 3188; baseline 0.004 -27"><span class='ocrx_word' id='word_1_252' title='bbox 114 3096 178 3162; x_wconf 78' lang='grc' dir='ltr'><strong><em>τοῦ</em></strong></span> <span class='ocrx_word' id='word_1_253' title='bbox 199 3099 267 3182; x_wconf 84' lang='lat' dir='ltr'><strong><em>Xp.</em></strong></span> <span class='ocrx_word' id='word_1_254' title='bbox 292 3099 344 3163; x_wconf 91' lang='grc'><strong><em>521</em></strong></span> <span class='ocrx_word' id='word_1_255' title='bbox 364 3093 610 3175; x_wconf 72' lang='grc'><strong><em>2551511222</em></strong></span> <span class='ocrx_word' id='word_1_256' title='bbox 632 3081 718 3158; x_wconf 78' lang='lat' dir='ltr'><strong>ciacc</strong></span> <span class='ocrx_word' id='word_1_257' title='bbox 738 3096 988 3183; x_wconf 73' lang='lat' dir='ltr'><strong>consociorum,</strong></span> <span class='ocrx_word' id='word_1_258' title='bbox 1008 3105 1149 3165; x_wconf 89' lang='grc'><strong><em>5125521</em></strong></span> <span class='ocrx_word' id='word_1_259' title='bbox 1168 3119 1232 3188; x_wconf 86' lang='lat' dir='ltr'><strong><em>pro</em></strong></span> 
     </span>
     <span class='ocr_line' id='line_1_34' title="bbox 113 3174 1232 3270; baseline 0.002 -24"><span class='ocrx_word' id='word_1_260' title='bbox 113 3174 198 3247; x_wconf 82' lang='grc'><strong><em>51221</em></strong></span> <span class='ocrx_word' id='word_1_261' title='bbox 222 3204 253 3247; x_wconf 85' lang='grc' dir='ltr'><strong><em>τ.</em></strong></span> <span class='ocrx_word' id='word_1_262' title='bbox 273 3185 340 3266; x_wconf 78' lang='grc' dir='ltr'><strong><em>Χρ.</em></strong></span> <span class='ocrx_word' id='word_1_263' title='bbox 362 3183 506 3270; x_wconf 85' lang='lat' dir='ltr'><strong>positum</strong></span> <span class='ocrx_word' id='word_1_264' title='bbox 530 3187 695 3267; x_wconf 83' lang='lat' dir='ltr'><strong>(optarem</strong></span> <span class='ocrx_word' id='word_1_265' title='bbox 721 3201 774 3256; x_wconf 84' lang='grc'><strong><em>522</em></strong></span> <span class='ocrx_word' id='word_1_266' title='bbox 794 3180 902 3268; x_wconf 86' lang='lat' dir='ltr'><strong>ipsum</strong></span> <span class='ocrx_word' id='word_1_267' title='bbox 925 3183 1104 3250; x_wconf 71' lang='grc'><strong><em>2111551512</em></strong></span> <span class='ocrx_word' id='word_1_268' title='bbox 1133 3184 1232 3250; x_wconf 72' lang='lat' dir='ltr'><strong>moirti</strong></span> 
     </span>
     <span class='ocr_line' id='line_1_35' title="bbox 115 3265 1315 3353; baseline 0.003 -21"><span class='ocrx_word' id='word_1_269' title='bbox 115 3267 241 3343; x_wconf 84' lang='lat' dir='ltr'><strong>addici,</strong></span> <span class='ocrx_word' id='word_1_270' title='bbox 277 3277 336 3348; x_wconf 84' lang='grc'><strong><em>221</em></strong></span> <span class='ocrx_word' id='word_1_271' title='bbox 363 3268 460 3334; x_wconf 87' lang='lat' dir='ltr'><strong>morli</strong></span> <span class='ocrx_word' id='word_1_272' title='bbox 486 3265 861 3352; x_wconf 80' lang='lat' dir='ltr'><strong>destinaritanqunm</strong></span> <span class='ocrx_word' id='word_1_273' title='bbox 894 3269 1139 3353; x_wconf 60' lang='lat' dir='ltr'><strong>piaculum,</strong></span> <span class='ocrx_word' id='word_1_274' title='bbox 1175 3269 1228 3336; x_wconf 87' lang='grc'><strong><em>521</em></strong></span> <span class='ocrx_word' id='word_1_275' title='bbox 1312 3273 1315 3282; x_wconf 82' lang='grc'><em>“</em></span> 
     </span>
     <span class='ocr_line' id='line_1_36' title="bbox 116 3347 1234 3441; baseline 0.006 -27"><span class='ocrx_word' id='word_1_276' title='bbox 116 3347 187 3416; x_wconf 76' lang='lat' dir='ltr'><strong>ana</strong></span> <span class='ocrx_word' id='word_1_277' title='bbox 210 3353 271 3417; x_wconf 79' lang='grc' dir='ltr'><strong><em>τοῦ</em></strong></span> <span class='ocrx_word' id='word_1_278' title='bbox 292 3349 653 3436; x_wconf 79' lang='grc' dir='ltr'><strong><em>Χρ.·15525112511215525</em></strong></span> <span class='ocrx_word' id='word_1_279' title='bbox 669 3370 743 3414; x_wconf 87' lang='lat' dir='ltr'><strong>csse</strong></span> <span class='ocrx_word' id='word_1_280' title='bbox 758 3358 919 3439; x_wconf 83' lang='lat' dir='ltr'><strong>putarunt</strong></span> <span class='ocrx_word' id='word_1_281' title='bbox 936 3375 996 3441; x_wconf 93' lang='lat' dir='ltr'><strong><em>pro</em></strong></span> <span class='ocrx_word' id='word_1_282' title='bbox 1018 3357 1085 3420; x_wconf 84' lang='grc'><strong><em>221</em></strong></span> <span class='ocrx_word' id='word_1_283' title='bbox 1104 3353 1234 3440; x_wconf 61' lang='grc' dir='ltr'><strong><em>255ρί5</em></strong></span> 
     </span>
     <span class='ocr_line' id='line_1_37' title="bbox 118 3432 1284 3526; baseline 0.005 -25"><span class='ocrx_word' id='word_1_284' title='bbox 118 3433 274 3516; x_wconf 59' lang='lat' dir='ltr'><strong>{endan</strong></span> <span class='ocrx_word' id='word_1_285' title='bbox 295 3432 377 3502; x_wconf 82' lang='grc' dir='ltr'><strong><em>ἀπὸ</em></strong></span> <span class='ocrx_word' id='word_1_286' title='bbox 397 3461 433 3503; x_wconf 34' lang='grc'><strong><em>2.,</em></strong></span> <span class='ocrx_word' id='word_1_287' title='bbox 449 3441 515 3520; x_wconf 84' lang='grc' dir='ltr'><strong><em>Χρ.</em></strong></span> <span class='ocrx_word' id='word_1_288' title='bbox 535 3435 742 3520; x_wconf 66' lang='grc'><strong><em>(21115552),</em></strong></span> <span class='ocrx_word' id='word_1_289' title='bbox 768 3438 821 3503; x_wconf 89' lang='grc'><strong><em>521</em></strong></span> <span class='ocrx_word' id='word_1_290' title='bbox 842 3459 930 3508; x_wconf 87' lang='grc'><strong><em>5222.</em></strong></span> <span class='ocrx_word' id='word_1_291' title='bbox 943 3435 1014 3506; x_wconf 80' lang='grc' dir='ltr'><strong><em>ἀπὸ</em></strong></span> <span class='ocrx_word' id='word_1_292' title='bbox 1028 3463 1059 3509; x_wconf 84' lang='grc'><strong><em>2.</em></strong></span> <span class='ocrx_word' id='word_1_293' title='bbox 1072 3443 1139 3526; x_wconf 81' lang='lat' dir='ltr'><strong><em>Xp.</em></strong></span> <span class='ocrx_word' id='word_1_294' title='bbox 1156 3462 1230 3506; x_wconf 91' lang='lat' dir='ltr'><strong><em>cum</em></strong></span> <span class='ocrx_word' id='word_1_295' title='bbox 1282 3455 1284 3459; x_wconf 81' lang='grc'>’</span> 
     </span>
    </p>

    <p class='ocr_par' dir='ltr' id='par_1_15' title="bbox 115 3513 1308 3614">
     <span class='ocr_line' id='line_1_38' title="bbox 115 3513 1308 3614; baseline 0.01 -27"><span class='ocrx_word' id='word_1_296' title='bbox 115 3513 266 3609; x_wconf 58' lang='lat' dir='ltr'><strong>quintiana</strong></span> <span class='ocrx_word' id='word_1_297' title='bbox 285 3523 488 3612; x_wconf 82' lang='lat' dir='ltr'><strong>copularunt</strong></span> <span class='ocrx_word' id='word_1_298' title='bbox 502 3521 666 3608; x_wconf 60' lang='lat' dir='ltr'><strong>(Eleatem,</strong></span> <span class='ocrx_word' id='word_1_299' title='bbox 694 3520 834 3608; x_wconf 60' lang='lat' dir='ltr'><strong><em>(dorma</em></strong></span> <span class='ocrx_word' id='word_1_300' title='bbox 863 3533 1014 3610; x_wconf 72' lang='grc'><strong><em>55222521</em></strong></span> <span class='ocrx_word' id='word_1_301' title='bbox 1035 3547 1056 3594; x_wconf 83' lang='lat' dir='ltr'><strong>a</strong></span> <span class='ocrx_word' id='word_1_302' title='bbox 1078 3526 1230 3614; x_wconf 77' lang='grc'><strong><em>61511512).</em></strong></span> <span class='ocrx_word' id='word_1_303' title='bbox 1305 3559 1308 3566; x_wconf 92' lang='grc'><em>·</em></span> 
     </span>
    </p>
   </div>
   <div class='ocr_carea' id='block_1_15' title="bbox 120 3671 345 3688">
    <p class='ocr_par' dir='ltr' id='par_1_16' title="bbox 120 3671 345 3688">
     <span class='ocr_line' id='line_1_39' title="bbox 120 3671 345 3688; baseline -0.009 0"><span class='ocrx_word' id='word_1_304' title='bbox 120 3671 345 3688; x_wconf 49' lang='lat' dir='ltr'><strong>ffl-——n-u-</strong></span> 
     </span>
    </p>
   </div>
   <div class='ocr_carea' id='block_1_16' title="bbox 106 3762 1298 4468">
    <p class='ocr_par' dir='ltr' id='par_1_17' title="bbox 106 3762 1298 4468">
     <span class='ocr_line' id='line_1_40' title="bbox 152 3762 1229 3848; baseline 0.019 -31"><span class='ocrx_word' id='word_1_305' title='bbox 152 3762 308 3848; x_wconf 61' lang='grc'><strong><em>*1,,112512</em></strong></span> <span class='ocrx_word' id='word_1_306' title='bbox 330 3767 448 3827; x_wconf 88' lang='grc'><strong><em>15555252</em></strong></span> <span class='ocrx_word' id='word_1_307' title='bbox 473 3791 531 3826; x_wconf 89' lang='grc'><strong><em>525</em></strong></span> <span class='ocrx_word' id='word_1_308' title='bbox 549 3782 613 3828; x_wconf 86' lang='grc'><strong><em>5251</em></strong></span> <span class='ocrx_word' id='word_1_309' title='bbox 630 3774 711 3844; x_wconf 85' lang='lat' dir='ltr'><strong>plane</strong></span> <span class='ocrx_word' id='word_1_310' title='bbox 733 3783 809 3848; x_wconf 73' lang='lat' dir='ltr'><strong>apta,</strong></span> <span class='ocrx_word' id='word_1_311' title='bbox 832 3779 1120 3848; x_wconf 74' lang='grc'><strong><em>221152512212125125·</em></strong></span> <span class='ocrx_word' id='word_1_312' title='bbox 1137 3791 1229 3838; x_wconf 83' lang='grc'><strong><em>522155</em></strong></span> 
     </span>
     <span class='ocr_line' id='line_1_41' title="bbox 184 3849 1229 3921; baseline 0.017 -34"><span class='ocrx_word' id='word_1_313' title='bbox 184 3853 532 3920; x_wconf 72' lang='grc'><strong><em>255552225552521252522</em></strong></span> <span class='ocrx_word' id='word_1_314' title='bbox 550 3862 638 3912; x_wconf 81' lang='lat' dir='ltr'><strong>neque</strong></span> <span class='ocrx_word' id='word_1_315' title='bbox 653 3863 766 3913; x_wconf 82' lang='lat' dir='ltr'><strong>semper</strong></span> <span class='ocrx_word' id='word_1_316' title='bbox 784 3849 870 3902; x_wconf 74' lang='lat' dir='ltr'><strong>iridem</strong></span> <span class='ocrx_word' id='word_1_317' title='bbox 884 3860 948 3903; x_wconf 85' lang='lat' dir='ltr'><strong>sunt</strong></span> <span class='ocrx_word' id='word_1_318' title='bbox 965 3863 1055 3904; x_wconf 82' lang='lat' dir='ltr'><strong>motus</strong></span> <span class='ocrx_word' id='word_1_319' title='bbox 1073 3851 1122 3921; x_wconf 92' lang='lat' dir='ltr'><strong>illi,</strong></span> <span class='ocrx_word' id='word_1_320' title='bbox 1139 3871 1229 3921; x_wconf 76' lang='lat' dir='ltr'><strong>neque</strong></span> 
     </span>
     <span class='ocr_line' id='line_1_42' title="bbox 149 3913 1227 3987; baseline 0.019 -33"><span class='ocrx_word' id='word_1_321' title='bbox 149 3954 152 3964; x_wconf 81' lang='grc'><strong><em>,</em></strong></span> <span class='ocrx_word' id='word_1_322' title='bbox 184 3913 1127 3987; x_wconf 62' lang='grc'><strong><em>555225255221251212251,12125255555212552552522112552.</em></strong></span> <span class='ocrx_word' id='word_1_323' title='bbox 1165 3923 1227 3974; x_wconf 90' lang='lat' dir='ltr'><strong>Non</strong></span> 
     </span>
     <span class='ocr_line' id='line_1_43' title="bbox 106 3975 1228 4050; baseline 0.019 -28"><span class='ocrx_word' id='word_1_324' title='bbox 106 4015 113 4022; x_wconf 94' lang='lat'>.</span> <span class='ocrx_word' id='word_1_325' title='bbox 185 3985 256 4045; x_wconf 79' lang='lat' dir='ltr'><strong>capnt</strong></span> <span class='ocrx_word' id='word_1_326' title='bbox 278 3975 331 4030; x_wconf 88' lang='lat' dir='ltr'><strong><em>hoc</em></strong></span> <span class='ocrx_word' id='word_1_327' title='bbox 348 3978 436 4031; x_wconf 85' lang='grc'><strong><em>2515552</em></strong></span> <span class='ocrx_word' id='word_1_328' title='bbox 456 3981 605 4035; x_wconf 70' lang='grc'><strong><em>2252525112</em></strong></span> <span class='ocrx_word' id='word_1_329' title='bbox 622 3997 756 4050; x_wconf 83' lang='lat' dir='ltr'><strong>provecta.</strong></span> <span class='ocrx_word' id='word_1_330' title='bbox 794 3985 836 4040; x_wconf 88' lang='lat' dir='ltr'><strong>De</strong></span> <span class='ocrx_word' id='word_1_331' title='bbox 849 3984 976 4042; x_wconf 74' lang='lat' dir='ltr'><strong>mensuri</strong></span> <span class='ocrx_word' id='word_1_332' title='bbox 991 3989 1092 4042; x_wconf 84' lang='grc'><strong><em>2552515</em></strong></span> <span class='ocrx_word' id='word_1_333' title='bbox 1105 3991 1133 4043; x_wconf 88' lang='grc'><strong><em>12</em></strong></span> <span class='ocrx_word' id='word_1_334' title='bbox 1149 3991 1228 4044; x_wconf 81' lang='lat' dir='ltr'><strong>Mose</strong></span> 
     </span>
     <span class='ocr_line' id='line_1_44' title="bbox 165 4044 1228 4115; baseline 0.017 -19"><span class='ocrx_word' id='word_1_335' title='bbox 165 4053 212 4096; x_wconf 82' lang='lat' dir='ltr'><strong>-et</strong></span> <span class='ocrx_word' id='word_1_336' title='bbox 237 4044 321 4098; x_wconf 79' lang='lat' dir='ltr'><strong>Paulo</strong></span> <span class='ocrx_word' id='word_1_337' title='bbox 343 4065 400 4100; x_wconf 87' lang='lat' dir='ltr'><strong><em>non</em></strong></span> <span class='ocrx_word' id='word_1_338' title='bbox 426 4047 504 4102; x_wconf 85' lang='lat' dir='ltr'><strong>facile</strong></span> <span class='ocrx_word' id='word_1_339' title='bbox 528 4061 567 4103; x_wconf 82' lang='grc'><strong><em>251</em></strong></span> <span class='ocrx_word' id='word_1_340' title='bbox 588 4052 745 4115; x_wconf 75' lang='grc'><strong><em>2515115252,</em></strong></span> <span class='ocrx_word' id='word_1_341' title='bbox 785 4053 862 4108; x_wconf 82' lang='lat' dir='ltr'><strong>Eum.</strong></span> <span class='ocrx_word' id='word_1_342' title='bbox 878 4056 950 4110; x_wconf 86' lang='lat' dir='ltr'><strong>euim</strong></span> <span class='ocrx_word' id='word_1_343' title='bbox 969 4058 1095 4112; x_wconf 85' lang='grc'><strong><em>5552155125</em></strong></span> <span class='ocrx_word' id='word_1_344' title='bbox 1115 4061 1228 4114; x_wconf 77' lang='grc'><strong><em>5211221-</em></strong></span> 
     </span>
     <span class='ocr_line' id='line_1_45' title="bbox 186 4115 1229 4192; baseline 0.016 -27"><span class='ocrx_word' id='word_1_345' title='bbox 186 4115 326 4166; x_wconf 72' lang='lat' dir='ltr'><strong>nationum</strong></span> <span class='ocrx_word' id='word_1_346' title='bbox 344 4129 498 4170; x_wconf 83' lang='lat' dir='ltr'><strong>nostrarum</strong></span> <span class='ocrx_word' id='word_1_347' title='bbox 518 4137 573 4171; x_wconf 92' lang='lat' dir='ltr'><strong>nou</strong></span> <span class='ocrx_word' id='word_1_348' title='bbox 592 4121 680 4192; x_wconf 82' lang='lat' dir='ltr'><strong>capit,</strong></span> <span class='ocrx_word' id='word_1_349' title='bbox 706 4126 775 4176; x_wconf 86' lang='lat' dir='ltr'><strong>sicut</strong></span> <span class='ocrx_word' id='word_1_350' title='bbox 799 4128 916 4180; x_wconf 75' lang='lat' dir='ltr'><strong>heroum</strong></span> <span class='ocrx_word' id='word_1_351' title='bbox 935 4129 1098 4180; x_wconf 82' lang='lat' dir='ltr'><strong>bellicorum</strong></span> <span class='ocrx_word' id='word_1_352' title='bbox 1116 4132 1229 4182; x_wconf 83' lang='grc'><strong><em>2212525</em></strong></span> 
     </span>
     <span class='ocr_line' id='line_1_46' title="bbox 186 4187 1298 4264; baseline 0.018 -31"><span class='ocrx_word' id='word_1_353' title='bbox 186 4195 244 4229; x_wconf 80' lang='lat' dir='ltr'><strong>non</strong></span> <span class='ocrx_word' id='word_1_354' title='bbox 269 4187 340 4249; x_wconf 86' lang='lat' dir='ltr'><strong>cupit</strong></span> <span class='ocrx_word' id='word_1_355' title='bbox 360 4192 507 4248; x_wconf 81' lang='lat' dir='ltr'><strong>parvulus.</strong></span> <span class='ocrx_word' id='word_1_356' title='bbox 548 4189 628 4256; x_wconf 79' lang='lat' dir='ltr'><strong>Apud</strong></span> <span class='ocrx_word' id='word_1_357' title='bbox 649 4191 722 4260; x_wconf 82' lang='lat' dir='ltr'><strong>ipsos</strong></span> <span class='ocrx_word' id='word_1_358' title='bbox 748 4191 807 4246; x_wconf 88' lang='lat' dir='ltr'><strong>illos</strong></span> <span class='ocrx_word' id='word_1_359' title='bbox 831 4195 990 4250; x_wconf 79' lang='lat' dir='ltr'><strong>duumviros</strong></span> <span class='ocrx_word' id='word_1_360' title='bbox 1013 4195 1226 4264; x_wconf 69' lang='lat' dir='ltr'><strong>inconstanta,</strong></span> <span class='ocrx_word' id='word_1_361' title='bbox 1292 4237 1298 4253; x_wconf 82' lang='grc'><strong><em>.</em></strong></span> 
     </span>
     <span class='ocr_line' id='line_1_47' title="bbox 184 4251 1227 4332; baseline 0.024 -34"><span class='ocrx_word' id='word_1_362' title='bbox 184 4265 255 4330; x_wconf 73' lang='lat' dir='ltr'><strong>quae</strong></span> <span class='ocrx_word' id='word_1_363' title='bbox 272 4251 345 4305; x_wconf 85' lang='lat' dir='ltr'><strong>bono</strong></span> <span class='ocrx_word' id='word_1_364' title='bbox 362 4271 442 4307; x_wconf 83' lang='lat' dir='ltr'><strong>sensu</strong></span> <span class='ocrx_word' id='word_1_365' title='bbox 457 4257 587 4308; x_wconf 83' lang='lat' dir='ltr'><strong>ecatutr&#39;cu</strong></span> <span class='ocrx_word' id='word_1_366' title='bbox 605 4259 656 4310; x_wconf 87' lang='lat' dir='ltr'><strong>dici</strong></span> <span class='ocrx_word' id='word_1_367' title='bbox 669 4260 788 4328; x_wconf 84' lang='lat' dir='ltr'><strong>possint,</strong></span> <span class='ocrx_word' id='word_1_368' title='bbox 804 4266 926 4316; x_wconf 78' lang='lat' dir='ltr'><strong>subitum</strong></span> <span class='ocrx_word' id='word_1_369' title='bbox 946 4271 1079 4332; x_wconf 73' lang='lat' dir='ltr'><strong>quoddam</strong></span> <span class='ocrx_word' id='word_1_370' title='bbox 1090 4277 1227 4322; x_wconf 77' lang='grc'><strong><em>21252152-</em></strong></span> 
     </span>
     <span class='ocr_line' id='line_1_48' title="bbox 187 4321 1227 4404; baseline 0.024 -38"><span class='ocrx_word' id='word_1_371' title='bbox 187 4321 379 4378; x_wconf 63' lang='lat' dir='ltr'><strong>ordinarium..</strong></span> <span class='ocrx_word' id='word_1_372' title='bbox 392 4321 477 4377; x_wconf 85' lang='lat' dir='ltr'><strong>fuere.</strong></span> <span class='ocrx_word' id='word_1_373' title='bbox 521 4324 560 4376; x_wconf 88' lang='lat' dir='ltr'><strong>Ne</strong></span> <span class='ocrx_word' id='word_1_374' title='bbox 584 4325 613 4378; x_wconf 92' lang='lat' dir='ltr'><strong>in</strong></span> <span class='ocrx_word' id='word_1_375' title='bbox 637 4328 760 4399; x_wconf 79' lang='lat' dir='ltr'><strong>ipsorum</strong></span> <span class='ocrx_word' id='word_1_376' title='bbox 787 4331 896 4404; x_wconf 90' lang='lat' dir='ltr'><strong>quidem</strong></span> <span class='ocrx_word' id='word_1_377' title='bbox 915 4345 1045 4404; x_wconf 74' lang='lat' dir='ltr'><strong>potestate</strong></span> <span class='ocrx_word' id='word_1_378' title='bbox 1063 4330 1134 4400; x_wconf 78' lang='grc'><strong><em>2121,</em></strong></span> <span class='ocrx_word' id='word_1_379' title='bbox 1161 4337 1227 4393; x_wconf 75' lang='lat' dir='ltr'><strong>mles</strong></span> 
     </span>
     <span class='ocr_line' id='line_1_49' title="bbox 168 4391 1269 4468; baseline 0.015 -27"><span class='ocrx_word' id='word_1_380' title='bbox 168 4395 261 4452; x_wconf 78' lang='grc'><strong><em>,551555</em></strong></span> <span class='ocrx_word' id='word_1_381' title='bbox 278 4405 309 4442; x_wconf 82' lang='grc'><strong><em>22</em></strong></span> <span class='ocrx_word' id='word_1_382' title='bbox 326 4406 384 4468; x_wconf 75' lang='lat' dir='ltr'><strong>sese</strong></span> <span class='ocrx_word' id='word_1_383' title='bbox 401 4391 498 4466; x_wconf 76' lang='lat' dir='ltr'><strong>quovis</strong></span> <span class='ocrx_word' id='word_1_384' title='bbox 515 4401 638 4466; x_wconf 80' lang='lat' dir='ltr'><strong>ternpore</strong></span> <span class='ocrx_word' id='word_1_385' title='bbox 655 4393 783 4454; x_wconf 62' lang='grc'><strong><em>5511255211</em></strong></span> <span class='ocrx_word' id='word_1_386' title='bbox 861 4425 864 4432; x_wconf 88' lang='lat'><em>·</em></span> <span class='ocrx_word' id='word_1_387' title='bbox 1261 4401 1269 4414; x_wconf 88' lang='lat'><em>&#39;</em></span> 
     </span>
    </p>
   </div>
   <div class='ocr_carea' id='block_1_17' title="bbox 0 0 1412 5056">
    <p class='ocr_par' dir='ltr' id='par_1_18' title="bbox 0 0 1412 5056">
     <span class='ocr_line' id='line_1_50' title="bbox 0 0 1412 5056; baseline 0 0"><span class='ocrx_word' id='word_1_388' title='bbox 0 0 1412 5056; x_wconf 95' lang='lat' dir='ltr'><strong><em> </em></strong></span> 
     </span>
    </p>
   </div>
  </div>
 </body>
</html>
