2876 5056
340 27 343 38 .
390 2 400 35 f

469 1 621 90 ι.

411 355 576 432 oxu
596 321 762 436 xum.
785 361 869 434 1o.:²
902 317 909 329 ⁹
980 404 1008 416 1.
1148 341 1214 426 sei
1268 367 1270 378 ¹
1324 447 1328 455 ι

110 477 450 591 commemorationem
461 518 552 586 riam
569 476 638 586 sibi
657 516 834 599 straverit,
863 522 898 584 et
918 516 997 606 quia
1018 519 1087 583 toto
1104 515 1130 585 l,
1152 515 1222 602 Iri-2
1270 573 1277 584 ,
1298 504 1316 543 a
1360 514 1363 522 .

110 607 211 674 dacos
224 608 282 694 qui
297 605 431 673 Christo
447 603 542 670 fidem
559 601 739 705 adjecerint
753 595 796 668 iis
809 603 831 672 J
834 604 948 670 edacis
963 604 1034 692 Ap.
1049 624 1214 691 opposue-
1312 617 1317 640 ι
1386 616 1393 626 s

27 721 32 734 ¹
109 691 173 775 rit',
196 693 253 778 qui
268 690 409 757 noudum
423 688 520 754 fidem
535 710 655 755 ammes
668 688 896 774 concepissent
909 690 969 776 (ef.
981 711 1013 756 v.
1026 689 1061 756 7.
1076 680 1096 774 ἦ
1112 685 1213 753 ἐκλο-

110 776 149 862 yn}
167 814 205 828 -·
223 772 306 844 nidd
322 771 456 873 locuni,
479 763 510 841 r.
527 772 579 840 15.
595 767 615 860 ἦ
631 769 784 860 &modoini
802 781 836 838 ct
850 767 869 858 ἦ
883 769 1211 860 πρόςληψις)ΒοεΙι-
1306 811 1307 818 ι

110 861 194 928 miae
214 869 248 927 et
269 859 345 926 dW.
365 858 598 930 obtenderent.
647 857 729 930 ,Non
751 865 848 924 erant
865 856 1023 947 lectorum
1047 858 1149 938 animi
1169 854 1222 922 ad*
1284 917 1289 932 ,

133 945 370 1012 atriarcharum
386 947 583 1020 mentionem
605 941 720 1010 sedulo
737 942 979 1030 praeparandi,
1022 942 1109 1028 Nam
1131 943 1213 1009 haec
1325 993 1328 1000 .

109 969 218 1101 l'aulo
235 1031 268 1104 h.
281 1031 307 1097 l.
327 1029 463 1095 obtendi
486 1050 601 1118 posse:
630 1029 747 1097 dilexit
769 1030 860 1096 Deru
877 1029 1070 1112 ludaeorum
1089 1048 1225 1114 propa.

111 1118 249 1197 nitores,
270 1115 311 1181 od
325 1115 460 1181 datdonis
472 1114 677 1183 abalienatus
691 1107 740 1178 esf
756 1113 898 1186 lectores
909 1113 1043 1190 ,sentire
1064 1108 1212 1203 profecto

110 1201 271 1269 debebant
284 1209 437 1286 reeteque
450 1206 484 1278 et
498 1199 581 1266 satis
595 1199 769 1302 perspicue
785 1197 931 1286 ludaeos
950 1199 1068 1280 ramis,
1097 1203 1212 1282 eorum
1237 1265 1239 1273 ,
1277 1236 1284 1260 .
1411 1246 1413 1254 .

56 1315 60 1318 ·
105 1285 342 1378 progenitores
353 1299 518 1358 ramorum
534 1283 638 1368 cadrei
656 1283 853 1370 assimilari,
871 1284 1057 1374 praeterire
1072 1304 1130 1349 eos
1147 1303 1213 1365 nou

111 1377 256 1460 poterat.
296 1369 383 1435 Tum
402 1371 484 1438 mire
504 1390 584 1447 saue
603 1367 679 1438 dW.
700 1367 842 1472 abjecit,
863 1366 1214 1457 incredulesludacoa'

111 1457 196 1522 mole
208 1479 241 1524 r.
259 1457 311 1523 17.
327 1455 452 1523 excisos
466 1462 575 1522 ramos
590 1455 769 1543 appellem.
808 1453 973 1521 Mansisse
993 1454 1081 1520 enim
1102 1475 1159 1522 cos
1178 1461 1239 1528 et,

109 1540 254 1610 Iudaeos
267 1548 303 1606 ct
316 1541 579 1628 patriarcharum
591 1548 772 1692 posteros..
805 1537 913 1625 Quasi
928 1561 1006 1606 vero
1023 1540 1083 1607 hoe
1098 1535 1140 1609 P.
1154 1559 1225 1604 nea

111 1635 233 1712 gassct.
277 1625 354 1694 Non
369 1625 453 1694 vidit
468 1625 514 1696 V.
531 1626 576 1695 D.

110 1713 189 1778 tiam
205 1713 377 1800 proferro,
396 1712 557 1800 proximis
570 1719 678 1776 autem
696 1733 765 1780 rse.
787 1713 863 1797 (17.
886 1711 965 1794 18.)
982 1717 1214 1793 argumentum

19 1829 20 1858 ι
109 1799 288 1880 refellere„
299 1796 387 1884 quod
404 1797 553 1881 generali
569 1797 753 1863 sententiae
768 1795 888 1886 opponi
904 1797 1081 1885 potuisset.
1114 1785 1221 1879 Quod

112 1881 151 1951 P.
166 1905 197 1951 v.
214 1887 266 1951 16.
281 1884 462 1968 generatim
478 1882 577 1951 dixit:
599 1884 628 1948 ai
641 1883 743 1968 stirpe
756 1883 826 1948 Deo
840 1902 937 1947 onero
950 1888 1009 1968 eat,
1021 1887 1097 1946 etant
1111 1881 1212 1951 etiam
1225 1895 1235 1961 ’,
1280 1941 1285 1948 .

621 1623 732 1691 aulum
748 1646 780 1695 v.
796 1627 848 1692 16.
871 1617 1058 1710 generalem
1079 1631 1213 1692 senten·
1237 1691 1240 1696 Δ
1307 1625 1309 1632 ’

109 1965 196 2034 romi
210 1971 243 2035 lr.
260 1989 290 2036 e.
303 1969 332 2032 si
342 1969 570 2052 patriarchae,
592 1967 784 2044 Judneorum
803 1966 1036 2052 promeritores,
1056 1965 1129 2030 Deo
1148 1986 1211 2032 sa·
1258 2013 1261 2021 ,

109 2053 159 2118 c'ri
170 2060 203 2118 et
216 2053 339 2137 accepti
352 2059 444 2132 carot,
465 2046 723 2138 pariter'Joonei
736 2059 827 2140 scrut,
847 2072 957 2118 eurum
966 2049 1090 2137 posteri
1107 2049 1212 2116 cavil-

108 2137 198 2204 latar
211 2138 272 2206 haic
287 2137 415 2204 ratione
429 2139 622 2228 impugnare
642 2138 824 2226 potuisset:
850 2143 943 2214 vana
954 2144 1011 2224 tua
1036 2155 1213 2220 argumen-

109 2223 193 2306 tatio
212 2231 283 2304 est3
304 2244 377 2286 nam
399 2222 429 2287 si
449 2223 711 2312 patriarcharum
735 2223 863 2310 posteri
881 2222 955 2288 Deo
978 2221 1067 2290 sacri
1087 2228 1122 2285 et
1140 2221 1213 2286 cari

110 2315 241 2388 essent,
278 2307 342 2372 fide
368 2305 505 2373 Christo
527 2308 820 2384 habitaculorum
841 2305 907 2373 sibi
927 2307 1141 2388 felicitatem,
1174 2311 1214 2385 uc

111 2392 188 2456 olim
203 2392 418 2459 Abrahamus
436 2393 561 2480 pietate
579 2392 672 2475 4‚3.,
700 2401 968 2480 comparassent;
996 2393 1109 2494 itaque
1124 2392 1212 2457 cari·

111 2478 208 2559 tatis,
225 2559 226 2564 ἵ
241 2477 276 2542 in
297 2475 362 2563 quei
383 2479 592 2564 patriarchae
621 2477 708 2566 apud
731 2478 840 2543 Deum
862 2477 1014 2559 fuerunt,
1027 2506 1029 2523 =
1044 2484 1212 2568 jacturam

110 2562 258 2628 lecerunt
272 2563 306 2649 ln.
321 2584 370 2643 e.,
394 2571 429 2626 ut
443 2564 560 2649 stirpis
575 2569 610 2628 et
626 2584 791 2628 ramorum
810 2559 995 2628 similitudo
1015 2562 1212 2646 retineatur,

111 2647 211 2713 excid
224 2655 299 2714 erent
311 2647 398 2715 romi
412 2649 451 2712 de
463 2649 533 2712 eled
547 2657 580 2712 et
595 2669 676 2729 nos,
705 2644 865 2732 gentiles,
893 2668 1006 2713 eorum
1027 2649 1136 2714 locum
1158 2669 1213 2715 oe·

112 2733 314 2818 ceperimus.
364 2731 456 2797 Haec
476 2733 597 2822 partim
617 2753 695 2798 rere
715 2731 781 2797 dici
793 2734 864 2820 Ap.
887 2732 1067 2815 concessit,
1094 2728 1159 2798 sed
1175 2740 1213 2801 ut

111 2817 291 2899 gentilibus
317 2825 492 2908 propterea
520 2819 608 2883 altos
635 2817 776 2906 spiritus
795 2815 958 2901 gerendos
980 2837 1054 2884 esse
1073 2823 1213 2902 negaret

111 2921 142 2970 v.
164 2903 299 2972 17.18..
342 2901 432 2968 Τιιιιι
452 2903 569 2982 aliam,
599 2921 683 2989 quae
704 2901 927 2983 Christianis}
953 2902 1014 2989 qui
1031 2901 1212 2988 aliquando
1293 2932 1295 2940 ⁴

111 2987 230 3072 pagani
250 2989 413 3071 fuissent,
444 2987 579 3052 obtendi
599 2998 731 3074 posset,
763 2982 979 3076 objectionem
1004 2987 1212 3068 refutatores

111 3091 141 3138 v.
156 3074 207 3140 19.
222 3073 404 3139 excisionis
415 3092 548 3138 causam
564 3070 605 3138 P.
621 3072 753 3162 aperuit
770 3093 803 3141 r.
823 3073 898 3153 20„
926 3087 1000 3158 quio¹
1011 3073 1098 3138 lacto
1121 3079 1210 3138 tem·
1325 3075 1329 3096 ¹

27 3215 31 3228 ,
108 3159 278 3238 ponarium
291 3158 362 3224 lere
376 3151 576 3246 ludaeorum
592 3158 811 3239 excisionem,
833 3157 867 3224 h.
893 3177 923 3225 e.
944 3157 1076 3224 tristem
1096 3179 1211 3224 eorum

94 3249 128 3303 ‘a
154 3241 227 3308 Deo
255 3243 507 3331 repudiatarum
536 3251 678 3323 sortem,
708 3241 945 3309 demonstravit
965 3263 1002 3313 v.
1018 3243 1075 3310 23.
1090 3278 1125 3293 -
1142 3241 1211 3312 2⁷..

110 3322 185 3390 Nou
198 3330 306 3412 igitur
318 3334 500 3416 repugnat,
526 3348 637 3395 ramos
652 3327 727 3394 Deo
746 3349 860 3393 sacros
878 3349 970 3410 esse,
997 3328 1074 3410 quia
1097 3349 1210 3394 eorum
1289 3338 1294 3393 s

110 3411 212 3499 stirps
225 3415 303 3480 Deo
317 3435 411 3478 sacra
433 3414 478 3478 sit
497 3417 543 3497 (r.
561 3415 619 3482 16.
637 3413 711 3496 28.)
726 3422 760 3478 et
780 3413 925 3494 futurum
946 3433 1037 3494 esse,
1066 3418 1104 3478 ut
1125 3414 1211 3480 rami

69 3555 78 3570 χ
109 3497 151 3561 od
163 3505 292 3584 tempera
304 3498 345 3563 de
358 3499 477 3562 arbore
491 3498 593 3564 excisi
607 3499 639 3562 in
661 3509 808 3587 tempore
829 3497 942 3562 arbori
963 3494 1144 3562 reddantur
1161 3502 1211 3584 (v.

113 3582 164 3652 17.
178 3620 220 3634 -
231 3585 323 3667 22),
345 3591 403 3648 aut
418 3582 526 3648 demta
540 3582 758 3648 similitudine
771 3581 916 3651 ludaeos
931 3583 1005 3649 Deo
1019 3601 1115 3650 caros
1137 3604 1212 3650 esse

112 3663 487 3757 proptorpaniarcnas‚
509 3675 547 3732 ut
557 3669 603 3754 iis
617 3667 659 3732 ¹ad
676 3667 772 3734 fidem
793 3665 945 3734 adductis
969 3689 1095 3732 summa
1116 3669 1210 3737 salus
1262 3690 1265 3696 ’
1333 3667 1346 3692 “

114 3761 199 3818 100ῑο
213 3757 433 3902 spereturpv.
455 3751 509 3818 15.
531 3753 584 3819 16.
604 3754 693 3840 28.),
709 3760 755 3820 'et
775 3753 921 3818 futurum
943 3774 1018 3816 esse
1037 3761 1073 3816 ut
1091 3752 1113 3821 J
1116 3753 1211 3821 udaei
1282 3787 1283 3792 ι

114 3855 195 3900 nunc
212 3838 343 3929 quidem
358 3860 375 3903 a
414 3845 574 3924 tempusa
590 3835 664 3903 Deo
680 3837 847 3926 repudiati
867 3837 902 3899 iu
925 3841 1073 3925 tempore
1095 3838 1129 3901 in
1142 3837 1211 3905 Dei

113 3919 255 3988 faronem
270 3923 473 4010 recipiantur
488 3928 521 3985 et
539 3920 604 3987 fide
618 3922 752 3990 Christo
776 3919 918 4003 inabitat,
935 3920 1014 4007 quia
1035 3920 1110 3989 Dee
1132 3944 1210 4009 pro-
1331 3931 1333 3938 ‘

1261 2433 1271 2486 ,
1348 2439 1351 2452 .

113 4011 186 4091 pter
205 4009 412 4096 patriarchas
432 4006 502 4074 cari
522 4006 607 4089 sint,
632 4006 1099 4096 oeentun(v.17.-2a.).*)
1142 4005 1209 4075 Po·
1258 4047 1282 4097 g.
1414 4023 1419 4044 '¹

112 4147 331 4162 ——u—-n—nun

146 4212 180 4286 *)
198 4215 264 4272 Tam
282 4219 432 4288 ponderosa
452 4217 584 4288 objectio,
608 4233 691 4286 quam
712 4215 829 4270 refutare
847 4213 951 4278 studui,
974 4215 1010 4267 de
1030 4213 1136 4268 mereo
1154 4214 1208 4270 risa
1257 4205 1281 4230 *A
1304 4225 1305 4230 ’

181 4295 235 4352 eu,
260 4300 290 4341 ut
304 4285 333 4342 ed
352 4289 438 4342 fretus
456 4288 703 4358 iuterpretaliqnem
721 4305 736 4338 a
754 4305 798 4338 me
816 4281 953 4338 defensam
970 4283 1207 4338 nonnihil'emeu·

181 4355 296 4411 dandam
317 4368 432 4429 putaret.
472 4358 567 4428 ltaque
585 4355 634 4424 τήν
652 4351 733 4430 ῥίζαν,
747 4354 905 4422 hominum,
931 4353 978 4426 qui
998 4353 1099 4431 fidaei,
1111 4351 1209 4426 pietate
