2814 5056
266 361 268 370 ’
434 459 437 463 ,
551 345 850 466 eunuc..¹
1061 438 1063 452 .
1166 389 1295 463 ees

21 617 22 624 ,
92 533 218 623 'tactis
237 561 273 622 et
292 551 415 640 virtute
437 554 555 641 quaeri
577 573 678 643 posse
696 552 762 620 sibi
780 556 1039 656 persuaserunt.
1092 553 1236 637 Frustra

115 645 249 730 eulpam
272 639 314 704 ab
335 639 472 717 Iudaeis
499 659 651 708 amovere
677 661 821 708 erueris.
875 636 1114 726 Praeterquam
1146 644 1237 712 euim

118 725 208 815 quod
230 727 318 792 seire
338 725 540 828 debuerunt,
571 727 831 828 neminemnam
850 724 924 812 ¹sive
940 721 1090 826 iudaeus
1104 724 1150 792 sit
1164 728 1259 832 sire*
1307 741 1309 753 ·

116 808 1239 992 titillatalllllllltllllllllfflbllltnllll:

119 983 257 1051 Christo
278 981 376 1056 iidem
397 981 580 1072 adjungere
602 1005 632 1051 o.
647 984 681 1050 9.
703 1003 734 1048 v.
750 981 805 1050 30.
820 1018 862 1030 -
882 1003 911 1050 e.
929 983 983 1050 10.
998 1001 1030 1048 v.
1043 981 1112 1050 21..
1144 983 1239 1051 ‘Non

118 1077 229 1136 autern
246 1069 343 1135 Deus
366 1077 470 1134 toturn
491 1089 585 1133 suurn
605 1069 763 1158 populum
779 1089 838 1133 suo
851 1067 966 1134 favore
979 1067 1142 1156 privavit,
1164 1069 1238 1154 sed,

144 1151 394 1220 uemadmo'durn
417 1155 514 1240 olim,
540 1155 591 1220 sie
611 1174 698 1220 nuno
718 1174 849 1242 quoque
871 1153 918 1218 aii
944 1152 1009 1218 uod
1028 1154 1161 1241 piorum
1175 1155 1239 1224 Ju-
1289 1219 1290 1224 ,

119 1176 278 1307 daeorum
301 1239 513 1322 seminarium
538 1260 613 1306 esse
636 1239 759 1320 voluit,'
781 1175 1070 1307 eeteroedudmm
1108 1241 1238 1307 errice-

118 1347 173 1392 ees
187 1323 355 1406 reddidit,
378 1327 436 1411 qui
450 1322 587 1416 cbristo
601 1321 697 1390 fidem
711 1325 915 1410 denegarent
928 1345 956 1391 o.
968 1327 1021 1393 ll.
1035 1345 1067 1392 v.
1079 1261 1238 1398 b-10..
1306 1350 1308 1366 '

118 1411 329 1499 Quamquam
353 1431 396 1475 ne
417 1411 452 1476 bi
474 1410 607 1497 quidem
631 1408 819 1477 titubarunt
848 1416 886 1474 ut
904 1410 1081 1494 caderent,
1109 1408 1169 1480 sod
1193 1413 1239 1479 iis

117 1497 281 1586 prodesse
306 1497 398 1561 Deus
412 1497 535 1576 voluit,
557 1511 656 1598 quum
676 1517 739 1584 per
752 1515 955 1584 paganorum
973 1494 1091 1578 iidem,
1114 1497 1238 1584 quibus

118 1584 213 1648 salus
227 1569 498 1671 per'iudaeorum
513 1583 733 1670 pervicaciam
749 1581 861 1662 oblata
877 1587 978 1663 esset,
999 1603 1113 1648 eorum
1125 1605 1239 1650 aemu-

13 1665 16 1680 ”
115 1669 277 1739 lationem
304 1665 524 1754 accendisset.
573 1667 717 1734 Temere
745 1667 866 1755 pagani
892 1667 1089 1756 superbient
1108 1671 1238 1758 spretis

116 1754 346 1843 pervicacibus
359 1750 687 1821 Judaeie.'1lteuim
702 1753 805 1818 multo
821 1750 954 1817 facilius
970 1753 1004 1819 lri
1018 1753 1054 1819 in
1068 1754 1237 1841 integrum
1273 1780 1275 1787 '
1318 1771 1321 1780 “

117 1841 361 1920 restituantur,
393 1847 491 1926 quam
520 1839 665 1924 gentiles
693 1838 727 1904 in
750 1837 816 1904 Dei
838 1838 980 1922 gratiam
1006 1840 1133 1928 recepti
1157 1849 1239 1907 sunt
1353 1885 1357 1894 -

13 1971 14 1976 κ
116 1925 517 2000 e11.v.11.-v.24..
569 1923 612 1989 Et
638 1944 681 1989 ne
709 1923 786 2010 qais
803 1923 890 1989 dum
919 1923 1067 1992 iudaeos
1098 1923 1238 1992 iniemet
1355 1929 1360 1944 ‘

117 2003 242 2100 sapere
259 2009 327 2076 sibi
351 2007 505 2076 videatur
521 2007 659 2096 aliquod
682 2009 878 2096 mysterium
897 2010 1059 2098 aperiam.
1106 2007 1245 2100 Nempe,

13 2127 14 2158 ς
67 2165 70 2175 ,
117 2093 381 2186 Deuspro‘susi,
400 2114 485 2182 quae
501 2094 830 2161 mentembumanam
845 2096 1055 2181 longelonge
1104 2117 1238 2164 eexsu·

117 2188 232 2338 perat,
253 2181 419 2270 sapientiai
427 2203 502 2246 «rem
517 2181 566 2245 sie
581 2180 747 2256 instituit,
775 2181 887 2282 utqui
904 2202 991 2247 nune
1004 2181 1048 2246 ub
1073 2187 1238 2248 aruerunt

13 2287 14 2294 ¹
144 2267 244 2336 odaei
256 2273 326 2332 tum
347 2265 446 2336 iidem
459 2265 581 2332 animis
600 2265 793 2354 concepturi
818 2272 886 2330 sont
896 2289 908 2347 ‚¹
957 2289 1036 2334 uum
1057 2268 1235 2351 gentilium

118 2375 236 2438 agmen
249 2351 292 2418 ad
305 2352 433 2419 Christi
450 2359 545 2417 saera
558 2351 751 2421 aoeesserit.
793 2351 927 2441 Quippe
977 2373 1048 2434 eus,
1068 2359 1236 2420 utomnes
1301 2351 1306 2375 ⁸

117 2438 261 2526 deniquo
276 2437 425 2504 homines
442 2437 570 2519 bearet,
592 2459 650 2527 per
667 2435 872 2517 Iudaeorum
888 2433 1144 2504 obstinationem
1159 2438 1237 2505 leli·
1258 2503 1261 2518 ,
1354 2479 1369 2512 x

117 2522 342 2591 ees-reddidit
369 2523 531 2610 gentiles,
567 2544 629 2610 per
657 2522 834 2606 gentilium
859 2522 1056 2610 obsequium
1077 2518 1238 2607 Iudaeos,

118 2631 219 2698 Qum
240 2609 554 2676 illorum'virtutem
574 2607 731 2674 aemulati
751 2608 897 2690 luerint,
925 2621 959 2676 et
976 2609 988 2675 i
1013 2631 1069 2674 sos
1083 2609 1118 2675 in
1133 2609 1235 2676 iidem
1259 2641 1269 2665 *-

118 2717 213 2762 suam
245 2701 441 2784 recepturus
475 2696 587 2762 o.'ll.
611 2715 643 2760 v.
670 2693 863 2761 ’ὧι-36..
886 2729 928 2746 ·-
1016 2694 1236 2783 isputationis

118 2779 295 2848 Paulliuae
315 2782 403 2847 ratio
423 2789 457 2845 et
476 2778 649 2844 subtilitas
668 2799 697 2845 o.
712 2780 858 2848 9.-11,
879 2783 949 2844 tum
970 2801 1013 2855 ox
1026 2789 1236 2866 argumento,

97 2859 100 2876 “
119 2865 208 2954 quod
223 2864 367 2950 siugulis
380 2865 547 2952 oapitibus
561 2863 795 2951 praefiximus,
816 2871 885 2930 tum
899 2885 939 2928 ex
954 2864 1234 2954 interpretatione
1302 2880 1304 2890 ’

92 2952 235 3018 ‘nostrai
285 2953 360 3016 lane
403 2949 528 3039 erepioi
553 2949 688 3038 poterit.
724 2947 821 3013 «Erat
840 2951 951 3014 tamen
982 2950 1265 3025 disseitationis·
1369 2977 1376 2990 *

116 3059 244 3104 summu
262 2974 299 3105 b.
311 3039 337 3104 Ι.
355 2973 539 3116 aderanda,
566 3043 652 3102 utet
667 3031 748 3121 quid
764 3033 824 3099 hio
837 3033 1063 3122 disputatione
1076 3034 1148 3126 Ap.
1162 3035 1237 3102 elli-

118 3145 192 3189 oere
211 3123 378 3188 voluisset
390 3129 424 3189 et
447 3142 532 3208 quae
545 3142 620 3186 eum
634 3141 689 3184 res
701 3115 864 3196 *movisset
883 3128 922 3186 ut
934 3119 1018 3187 bano
1031 3119 1235 3211 disputatio-

118 3231 191 3363 {⁰2¹¹
202 3207 676 3360 laetaturilla
684 3213 820 3356 ”lati
862 3201 954 3355 llll
975 3205 1236 3360 §lllltllb

118 3401 199 3483 pore
214 3378 354 3447 iudaei·
373 3342 418 3444 ἰιιυ
433 3377 569 3444 Christo
595 3314 693 3442 iidem
721 3313 973 3442 aorloeaiemni
986 3375 1237 3466 sollicitudines

115 3464 270 3558 judaieae
297 3465 416 3552 stirpis
444 3461 666 3542 Christianis,
700 3462 789 3527 altos
812 3460 955 3550 spiritus
982 3462 1043 3546 iis,
1074 3463 1133 3552 qui
1154 3467 1235 3532 olim

13 3591 14 3594 =
119 3550 263 3634 gentiles
277 3551 427 3616 luissent
451 3548 571 3614 all'erre
594 3554 739 3635 poterat.
791 3545 999 3650 superquam
1027 3551 1116 3616 enirn
1145 3549 1236 3638 quod

121 3659 213 3704 suam
236 3637 378 3724 quisque
399 3643 529 3717 gentem
548 3631 679 3718 diligit,
706 3630 802 3698 Deus
824 3653 1020 3699 messionem
1035 3635 1235 3706 lelioitatem
1322 3641 1325 3651 ¹

13 3779 14 3798 ,
120 3721 277 3803 Iudaeis,
298 3720 430 3787 deliciis
447 3720 531 3800 suis,
552 3714 789 3808 spoponderat.
831 3717 1016 3786 Christiani
1030 3717 1155 3801 autem,
1177 3725 1237 3811 qui

120 3808 300 3895 aliquando
317 3806 440 3894 pagani
461 3806 621 3882 luissent,
649 3825 749 3889 qaum
765 3804 889 3870 multos
909 3805 963 3872 eul
978 3807 1112 3890 generis
1127 3808 1237 3874 bomi-

120 3915 198 3998 nes‚
219 3913 348 4042 pausos
362 3889 517 3992 iudaeos
530 3889 572 3954 ad
587 3889 716 3959 Gbristi
736 3910 831 3955 sarra
846 3887 1239 3970 transiese'animadrer-.

120 3988 261 4058 tessere,
295 3985 404 4042 sumto
420 3984 556 4064 ¹sprrrtu
582 3975 727 4044 ludaeos
759 3983 967 4046 rontemnere
997 3985 1236 4066 eeotemtuque

13 4117 14 4142 2
121 4062 321 4134 Iudaeorum
349 4084 406 4128 eos
436 4053 489 4127 sui
518 4070 632 4128 coetus
655 4056 865 4127 Christianos
886 4060 1018 4127 laedere
1038 4070 1236 4151 potuerunt
1294 4122 1299 4129 .

13 4151 14 4210 3
94 4144 96 4152 ’
122 4148 273 4238 q'u‘i'olirn
286 4145 406 4216 ludaei
420 4145 576 4213 luissent,
619 4141 737 4246 ltaque
758 4145 828 4211 illis
848 4164 974 4212 omnem
989 4137 1257 4234 aegritudidem'

75 4247 79 4253 ’
122 4238 309 4318 absterget,
333 4233 398 4314 his,
421 4239 457 4296 ut
472 4231 648 4297 insolentia
663 4231 803 4297 tollatur
817 4230 1051 4321 bominumque
1065 4255 1106 4300 ex
1123 4236 1237 4304 diver-

13 4391 14 4402 *
123 4317 368 4386 sisuatiooibue
379 4317 592 4384 eolleetomm
606 4315 779 4382 eoncordia
789 4327 1017 4404 conservetur,
1037 4319 1282 4390 modestiam·
1387 4334 1394 4344 “

122 4403 358 4475 manauere„
388 4403 486 4471 Duae
509 4413 617 4471 autem
640 4423 694 4469 res
708 4401 862 4494 judaieae
883 4403 1002 4494 stirpis
1014 4405 1238 4524 ,cbristiaoos
