2824 5054
340 385 358 440 v
396 335 932 462 cnr.1x.·'r..2a.-2a..
1151 391 1222 485 ser
1334 335 1336 346 ’

98 550 201 614 etiarn
227 550 370 627 vocarit,
407 571 521 638 nempe
537 571 595 614 noe
622 551 668 634 (ν’.
691 551 869 630 Erasmus,
904 533 1088 633 Lunensi,
1115 549 1216 632 Galo..
1295 595 1296 603 κ

97 635 197 702 Bezn
215 635 275 720 al.)
295 635 413 700 falsam
437 657 512 700 essa
536 657 631 700 nemo
647 657 711 699 non
724 635 823 703 hodio
837 635 1012 720 inlelligit.
1045 629 1144 724 ἡμᾶς]
1160 657 1221 703 noc
1297 645 1302 665 *

96 721 121 802 i.
146 733 178 787 o.
202 721 353 786 sinceros
378 731 411 785 et
434 727 573 808 qrrorom
600 722 693 787 firma
718 722 801 787 tides
820 722 866 786 sit
888 719 1115 807 Christianos,
1150 719 1227 788 non¹
1306 753 1307 760 ¹

95 805 309 878 Christianos
327 827 482 872 romanos
504 805 647 893 (Wolfi).
688 801 737 872 οὗ
750 808 854 888 μόνον
867 843 909 855 -
923 804 961 884 ἐξ
976 801 1097 889 {bruni
1120 803 1212 871 Haeo
1290 832 1292 846 ·
1319 809 1321 825 ’

94 913 126 959 v.
149 893 223 979 Ap.
244 891 389 973 addidit,
426 901 463 956 ut
495 892 559 956 Dei
595 888 831 975 benignitatem
866 891 1031 958 latissime
1060 890 1211 980 patuisse
1250 911 1252 930 ¹

24 1027 28 1034 .
94 977 287 1042 ostenderet
303 981 371 1064 (ll,
385 980 433 1042 ll.
448 978 535 1061 32),
559 999 642 1063 quac
658 979 760 1042 arctis
780 977 943 1043 limitibus
957 976 1219 1065 circumscripta·

5 1093 6 1098 ¹
93 1070 204 1144 esset,
233 1065 264 1128 si
293 1063 394 1149 σκεύη
426 1060 539 1137 ἐλέους
561 1061 785 1130 tantummodo
813 1060 1057 1131 etruscorum
1073 1056 1241 1128 'natione
1298 1130 1301 1138 s

92 1148 192 1212 Dens
205 1148 390 1228 subegisset.
438 1144 605 1212 Proximis
623 1150 774 1214 versibus
789 1149 956 1216 25.-29.
971 1148 1206 1231 benignitatem

93 1235 242 1323 qusi‘per
265 1231 434 1300 Christum
457 1235 571 1296 bearet
599 1255 662 1297 non
692 1235 798 1298 solum
823 1233 869 1298 ad
894 1233 1058 1312 Iudaeos,
1094 1255 1207 1299 verum

91 1319 258 1384 etiamad
279 1321 420 1401 gentiles
448 1328 670 1405 spectatorem
693 1341 767 1385 esse
785 1319 892 1384 Deum
920 1321 952 1386 in
976 1319 1021 1386 V.
1046 1318 1090 1395 Τ.
1106 1313 1208 1405 pr'ae-
1298 1367 1300 1386 .

6 1433 7 1436 ¹
88 1402 297 1488 significasse
315 1403 351 1470 Ρ.
368 1406 583 1470 demonstrat.
627 1403 658 1469 N
664 1427 725 1470 unc
741 1404 780 1469 de
795 1407 898 1471 totius
920 1407 945 1474 l.
959 1405 1204 1471 constructione

5 1565 6 1568 Ἴ
90 1491 311 1554 etsententiei
332 1489 557 1554 disserendum
578 1498 641 1554 est.
682 1489 798 1574 Longe
813 1489 965 1578 plerique
983 1490 1204 1576 explicatores
1291 1489 1294 1512 '

88 1595 121 1642 v.
142 1577 198 1640 καὶ
216 1571 270 1639 ἵνα
294 1570 439 1662 γνωρίσῃ
461 1577 529 1652 κτλ.
549 1596 578 1642 v.
592 1575 704 1656 23.ah
718 1575 849 1662 ἤνεγκεν
861 1584 924 1643 etc.
948 1584 978 1645 v.
992 1577 1047 1643 22.
1062 1599 1118 1638 sus
1146 1598 1202 1638 en-

87 1659 220 1727 derunt.
264 1659 1090 1750 ltatersus23.sapiensconsilium,quoddctus
1144 1681 1202 1724 eus
1253 1701 1254 1706 κ

88 1745 239 1811 homines
267 1746 308 1808 ad
337 1747 572 1834 sempiternam
595 1747 774 1834 perniciem
798 1747 999 1835 compositos
1027 1745 1220 1826 admodum,

5 1891 7 1898 .
84 1835 265 1898 clementer
283 1831 372 1898 ferre
395 1832 559 1919 potuerit,
588 1833 779 1896 contineant
805 1854 940 1897 necesse
961 1838 1025 1899 est.
1074 1831 1160 1896 Tale
1183 1853 1203 1895 o

77 1939 138 1985 us.
153 1917 208 2002 23.
229 1917 350 1982 elicere
373 1939 413 1982 ne
435 1917 673 1982 recentissimis
695 1917 825 2004 quidem
844 1917 1082 2005 interpretibus
1097 1914 1202 1981 conti-

88 2004 156 2087 git:
178 2002 378 2067 extuderunt
391 2003 542 2090 potiore
557 2025 605 2070 vs.
620 2003 675 2080 23.
695 2003 898 2085 sententias,
921 2024 1005 2090 (puae
1020 2003 1199 2090 primariae
1260 1991 1275 2018 '
1300 2066 1306 2084 1

86 2087 216 2176 periodi
233 2089 416 2155 sententiae
437 2089 672 2175 repugnarent.
716 2083 1198 2167 DeWctliuer-admodnm
1312 2163 1315 2166 ¹
1375 2103 1379 2120 “

86 2173 298 2258 indulgenter
310 2175 389 2236 tulit
405 2195 481 2237 vasa
497 2175 568 2256 inae
584 2174 805 2258 (Pharaonem
820 2181 854 2238 et
870 2175 1074 2261 Aegyptios)
1097 2173 1198 2242 etium

86 2259 280 2345 rocon-silio,
306 2264 343 2322 ut
366 2258 551 2346 majestatis
576 2281 657 2325 suae
671 2257 906 2324 abundantiam
921 2259 954 2324 in
973 2279 1048 2324 vasa
1066 2256 1198 2339 miseri·

5 2365 6 2370 ¹
84 2345 219 2408 cordiae
244 2346 292 2428 (in
313 2341 490 2432 Israelitas
511 2344 616 2417 Exod.
632 2347 684 2426 14,
696 2345 767 2428 22.)
789 2344 1002 2430 patefaceret.
1023 2341 1097 2408 'Ut'
1118 2365 1195 2408 con·
1217 2333 1222 2348 ’

5 2417 8 2472 l
85 2430 246 2506 cesseris,
284 2429 370 2515 quod
400 2431 534 2495 concedi
561 2431 693 2517 nequit,
727 2427 867 2495 Paulum
903 2426 1003 2516 σκεύη
1032 2423 1134 2514 ὀργῆς
1162 2437 1218 2494 et‘

5 2521 7 2628 p
86 2514 188 2596 σκεύη
207 2511 323 2590 ἐλέους
345 2515 516 2599 Aepyptios
537 2524 571 2580 et
593 2515 765 2581 Israeliten
785 2515 910 2579 dixisse
932 2521 980 2597 (v.
996 2519 1133 2602 supra),
1156 2515 1195 2587 dc
1300 2521 1332 2554 ⁴
1371 2571 1373 2583 .

89 2601 242 2668 Wcttium
262 2601 477 2686 repugnantia
493 2602 679 2685 loquentem
699 2597 836 2668 Paulum
853 2601 983 2678 iecisse,
1004 2615 1103 2686 quum
1119 2621 1197 2664 sen-s
1219 2667 1221 2678 ,
1243 2657 1252 2674 χ

85 2688 227 2760 tentiam
244 2683 285 2747 ad
310 2683 455 2752 ludaeos
476 2707 493 2746 n
516 2685 581 2749 fide
603 2687 638 2748 in
658 2685 792 2752 Christo
808 2685 996 2773 reponendi
1013 2685 1196 2748 abhorren—
1269 2694 1274 2698 “

85 2781 153 2849 tes,
177 2771 233 2856 qni
251 2767 417 2834 Pharaoni
429 2781 463 2833 et
477 2771 658 2857 Aegyptiis
672 2771 912 2857 respondeant,
933 2777 968 2834 ct
990 2769 1032 2833 ad
1046 2769 1195 2833 homines

83 2857 246 2920 sinceram
260 2854 355 2920 fidem
374 2855 507 2922 Christo
522 2855 751 2942 adjungentes,
774 2859 858 2941 quos
872 2853 1046 2919 lsraelitae
1060 2876 1194 2938 reprae-

50 3019 52 3027 .
82 2949 231 3022 sentent,
270 2942 458 3005 traduxeris
484 2942 581 3005 facile
608 2939 796 3022 intelligas:
825 2941 905 3004 tulit
927 2941 1018 3004 Deus
1044 2939 1194 3002 homines
1230 2936 1233 2942 ’

82 3026 122 3091 ad
146 3026 382 3114 sempiternam
404 3034 532 3112 pestem
555 3027 756 3112 compositos
777 3026 849 3112 (qui
864 3023 998 3092 Christo
1021 3023 1118 3088 tidem
1135 3023 1192 3086 do·
1281 3011 1313 3108 'J

83 3120 249 3196 negarunt
268 3111 431 3196 ludaeos)
451 3111 626 3177 admodum
646 3113 825 3177 clementer
844 3133 949 3198 neque
970 3131 1029 3174 cos
1047 3129 1192 3191 geennao
1326 3123 1338 3130 ·

81 3198 257 3285 suppliciis
284 3197 451 3284 hucusque
473 3186 600 3278 calfecit,
628 3196 727 3268 etiam
750 3198 810 3260 hoc
832 3195 915 3277 srue,
946 3199 983 3260 nt
1006 3192 1193 3344 urrpcstatie

82 3306 162 3349 errae
179 3283 313 3346 divitias
327 3283 459 3347 dilectis
474 3283 661 3347 horninibus
682 3281 868 3368 inopertiret
881 3289 1035 3346 aeternae
1064 3280 1193 3344 elicita·
1309 3293 1312 3301 '

81 3372 125 3434 tis
156 3369 335 3450 largitione
348 3367 401 3450 (l).
452 3365 538 3432 Nam
561 3389 664 3456 qurum
678 3373 760 3434 'uno
788 3366 971 3454 eodemque
991 3376 1138 3456 tempore
1157 3371 1192 3430 ct

80 3454 232 3520 homines
252 3453 326 3518 Deo
348 3453 415 3516 cari
441 3453 472 3516 in
498 3453 564 3518 uitri
587 3451 788 3539 sempiterni
810 3453 1054 3518 constituantur
1069 3459 1102 3514 et
1116 3451 1190 3514 Deo
1308 3513 1309 3520 ,

80 3539 181 3604 invisi
205 3539 236 3602 in
257 3559 413 3622 geennom
429 3540 645 3603 amandentnr
666 3537 804 3622 (Matth.
818 3538 932 3616 2532.
947 3560 999 3624 sq.
1021 3537 1117 3603 Rom.
1137 3537 1202 3614 14,

7 3634 8 3649 ¹
81 3623 386 3702 lo.2cor.5,10.
410 3625 489 3708 al),
524 3623 779 3690 contrarium
803 3624 909 3703 lacero
931 3624 964 3690 h.
978 3645 1007 3690 e.
1029 3621 1188 3708 stupplioin

83 3711 122 3776 dc
153 3709 264 3774 lerninis
293 3709 472 3774 hominebus
504 3729 629 3774 stemma
656 3729 769 3794 coepero
804 3709 843 3774 iu
866 3717 998 3773 taenara
1028 3706 1187 3788 conjicere

7 3807 8 3810 ’
78 3795 174 3861 Deus
195 3795 328 3872 debuit,
347 3804 399 3858 ·ut
426 3814 522 3880 qnam
549 3801 640 3857 esset
661 3794 821 3876 benignus
849 3793 981 3857 dilectis
1001 3792 1188 3870 hominihus

78 3879 186 3947 danda
202 3880 361 3944 felicitate
375 3879 510 3944 aeternat
524 3876 726 3943 ostenderet.
760 3877 932 3960 Meyerus:
952 3877 1080 3958 -tnlit
1093 3875 1187 3939 Deus
1280 3935 1285 3948 ,

10 4013 11 4048 3
78 3965 196 4050 magud
226 3987 299 4029 cum
329 3964 491 4052 patientiis
522 3965 647 4028 inrisos
674 3963 824 4028 homiues
855 3964 954 4028 etiam
978 3959 1118 4038 ideirco,
1150 3965 1186 4024 ut

10 4095 11 4098 =
76 4047 1184 4140 ditenrsuammajestatemincorishominihusmanilcstaret:'reum
1254 4069 1255 4074 ¹

10 4139 12 4224 l
79 4135 223 4204 claustra
240 4134 350 4221 judee
370 4136 404 4200 in
424 4141 548 4202 terrnm
570 4154 716 4200 reuersus
735 4133 860 4199 simul
881 4133 938 4198 hoe
960 4131 1084 4210 herebit,
1112 4129 1184 4198 illoc

10 4237 11 4256 ³
74 4222 183 4307 poenis
205 4220 373 4286 mulctabit
395 4222 591 4306 (usupra).
635 4217 691 4283 Sic
713 4239 863 4304 quoque,
892 4214 1182 4282 uthominosDoo
1266 4235 1301 4304 ᾖ

72 4307 144 4372 cari
159 4306 287 4406 largam
304 4305 372 4370 Dei
389 4303 625 4388 benignitatem
639 4302 891 4391 experirentur,
920 4302 1019 4366 innisi
1034 4299 1183 4365 homiues

75 4413 173 4482 qaum
193 4401 335 4479 premam
356 4389 499 4476 poenis
520 4386 685 4477 efficiendi
705 4389 861 4457 luissent.
881 4385 1054 4512 xll'iuaraa
1073 4407 1125 4472 gr.
1149 4405 1183 4472 p.

681 4597 757 4678 'xe
