2842 5060
222 297 266 372 aa
432 296 716 416 nr1svotn
738 241 1112 412 up'u'oucuos
1227 337 1228 341 κ

163 493 175 546 3
228 447 284 529 do.
326 454 413 524 Nam
428 460 574 526 voluisse
588 482 662 543 cum
677 457 825 540 hominos
842 455 982 539 sentiro,
995 515 998 524 ,
1011 455 1092 522 nibil
1109 453 1268 536 Percote.
1291 460 1333 522 ut

186 613 189 620 ,
231 541 318 632 qvtod
339 545 462 631 optimtt
476 545 581 611 blesis
603 548 676 629 lege
696 540 839 633 pessime
855 542 1066 625 abuteretur,
1094 541 1223 608 foedius
1237 542 1333 606 inve-

231 627 297 692 niri
325 649 357 697 v.
382 631 449 712 13.·‚
485 621 591 716 neque
611 632 749 696 salutent
778 649 837 718 per
858 624 1025 694 Christum
1045 628 1222 692 clementer
1244 624 1333 690 ferri

231 713 381 800 potuisse
403 713 469 779 nisi
490 716 622 780 miseris
644 714 757 802 etqui
777 712 914 778 acerbos
931 709 1060 777 Peccati
1079 713 1207 778 fructus
1226 709 1333 796 degu-

233 806 380 863 stassent
395 801 428 882 5,
441 802 494 869 29.
511 823 562 887 sq.
586 802 660 866 Gal.
672 801 704 880 3,
719 801 759 862 19
774 821 826 885 sq.
850 795 959 865 lCcr.
977 797 1026 878 15,
1038 798 1092 864 56.
1108 819 1172 885 sq..
1216 793 1334 882 Quare

233 879 274 948 Ρ.
287 881 352 948 ’σόη
376 906 441 949 rom
456 887 648 974 proposuit,
676 906 759 972 quae
779 905 849 948 cum
866 882 996 966 vulgari
1010 881 1174 964 bominum
1191 904 1334 946 cousue-

232 965 347 1032 tudine
367 980 425 1035 aut
445 974 662 1057 perversitate
683 973 906 1053 congrueret,¹
919 966 976 1032 sed
995 967 1180 1050 mysterium
1193 966 1335 1030 lectori-

232 1050 294 1203 pus
314 1056 464 1141 aperuit,
492 1057 579 1147 qood
601 1051 1020 1140 humanae'intelligeutiaa
1037 1051 1100 1118 vim
1117 1059 1151 1118 et
1163 1053 1335 1119 notionem
1403 1115 1404 1120 ,

166 1164 169 1175 ,
248 1137 330 1203 uit.
908 1157 912 1162 ’
1403 1195 1404 1200 ,

19 1225 21 1232 ’
80 1203 87 1225 ¹
181 1261 186 1290 ε
270 1149 364 1293 gV
378 1225 410 1293 9.
428 1224 462 1290 et
475 1225 530 1290 19.
573 1219 806 1289 Nonitcratur
820 1221 984 1290 sententia
1004 1242 1053 1289 vs.
1065 1220 1117 1305 8.,
1138 1219 1197 1286 sed
1211 1219 1336 1286 contir-
1403 1217 1404 1292 ἶ

234 1313 356 1374 matur.
399 1307 505 1376 Crede
520 1315 646 1394 autem,
669 1309 700 1374 in
729 1310 795 1390 uit,
817 1305 1001 1395 quaediota
1018 1314 1139 1375 suntv.
1152 1307 1185 1378 8.
1206 1315 1336 1372 utram-

236 1392 475 1480 quelortuuam
495 1402 641 1480 experto.
719 1415 757 1480 po
782 1394 924 1468 vivebam
950 1390 1127 1478 aliquando
1150 1393 1223 1475 lege
1247 1412 1336 1458 mos.

166 1499 173 1514 ²
233 1476 376 1544 nondum
397 1479 484 1559 latim
514 1501 598 1564 quae
619 1487 793 1571 postquam
808 1476 1017 1566 promulgata
1037 1482 1090 1540 est
1113 1475 1336 1544 Peccatum
1403 1487 1404 1496 ’

235 1563 338 1632 vicero
352 1564 430 1648 (vim
446 1566 614 1648 exercerc)
636 1564 787 1648 coepit,
807 1583 873 1648 epo
890 1563 994 1628 cicere
1007 1561 1122 1626 devii.
1145 1599 1200 1614 --
1231 1555 1336 1646 ἔζων]

158 1668 160 1684 ¹
221 1645 379 1732 Moeris:
409 1644 501 1739 ἔζην,
530 1643 812 1736 dependentium,
842 1639 1027 1732 ἑλληνικῶς.
1069 1641 1142 1710 lmo
1164 1645 1336 1710 meliorem
1403 1665 1404 1672 ¹

155 1739 156 1742 ’
234 1731 371 1798 formam
394 1727 477 1812 ἔζων
496 1754 589 1814 esse,
612 1733 806 1798 deteriorem
827 1729 899 1818 ἔζην
918 1737 1007 1795 reete
1028 1729 1199 1808 contendit
1221 1729 1336 1815 Etym-

234 1817 311 1898 413,
326 1819 359 1886 8.
379 1818 455 1898 410,
470 1818 526 1886 41.
542 1839 605 1905 sq..
644 1816 728 1882 Num
750 1830 848 1904 quum
870 1814 954 1880 κατὰ
965 1815 1082 1899 κρᾶσιν
1097 1809 1254 1902 Δωρικήν
1295 1836 1335 1884 ro

82 1977 84 1984 Ι
166 1977 167 1982 1
233 1898 343 1980 ἔζαες,
372 1900 447 1982 ἐ’ζαε
464 1901 584 1988 dictum
600 1908 706 1982 esset,
727 1901 819 1987 ἔζης,
842 1899 915 1987 ἔζη,
945 1901 1129 1964 formarunt
1144 1837 1291 1988 etiaurV

234 1992 389 2070 tanquam
405 2009 423 2051 a
442 1985 518 2072 ζῆμι
535 1985 665 2051 ductum
685 2008 745 2074 pro
760 1986 842 2068 ἔζων
856 1984 1014 2052 vivebam.
1060 1983 1265 2053 Documento
1281 1991 1338 2048 est

46 2109 50 2116 -
233 2068 334 2152 ἔζων,
362 2081 517 2136 constans
539 2071 643 2136 forma
666 2072 785 2136 tertiae
802 2091 961 2157 personae
976 2069 1137 2157 pluralis:
1158 2090 1189 2138 v.
1204 2069 1335 2136 Buttm.

152 2185 156 2200 ¹
234 2157 320 2233 91991.
335 2177 378 2241 pt.
395 2159 536 2239 &produt
552 2153 600 2238 ll,
619 2157 705 2224 144..
728 2193 768 2207 -
811 2153 852 2222 P.
872 2153 926 2218 blo
948 2175 1078 2241 quoquo
1094 2175 1157 2218 non
1179 2175 1257 2218 suas
1275 2154 1334 2217 res
1403 2193 1404 2196 =

232 2249 366 2320 narrat,
392 2235 451 2306 sed
473 2241 605 2325 generis
627 2241 760 2307 humani
778 2241 941 2304 fortunam
962 2240 1109 2341 exponit.
1160 2235 1251 2305 lllud
1273 2239 1335 2325 qui

232 2331 394 2410 putarunt
417 2324 733 2414 sioexplicuerunt:
767 2345 827 2416 ogo
850 2332 958 2388 autom
980 2324 1125 2388 vivebam
1149 2323 1221 2400 sine
1244 2324 1334 2408 legis

66 2489 70 2496 ι
227 2426 317 2477 mos.
334 2408 452 2476 notitia
466 2411 635 2500 nlic'uundo
651 2415 749 2498 (puer
764 2410 795 2473 in
813 2409 1007 2477 Gamalielis
1023 2408 1232 2509 disciplinam
1250 2430 1335 2473 non·
1351 2458 1353 2462 .

90 2500 93 2503 ’
224 2490 310 2558 'dum
331 2495 475 2558 traditus
504 2432 585 2561 lot.
604 2495 657 2578 22,
679 2497 712 2562 3.
748 2493 859 2578 Mor..
892 2495 1032 2575 Autem,
1066 2491 1336 2590 Waenz.·p.1l.:

234 2599 332 2665 qurtm
349 2600 454 2644 essem
463 2577 676 2655 Pharisaeus,
697 2581 818 2664 Gurpz.
832 2579 912 2662 al.);
934 2577 991 2642 sed
1006 2600 1104 2668 qurum
1120 2581 1335 2668 praeceptum

232 2663 333 2729 mitt
349 2663 501 2746 uouisset,
531 2665 555 2730 i.
571 2687 601 2730 e.
624 2665 817 2730 innotuisset.
834 2668 930 2730 etc..·
952 2663 1004 2730 At
1025 2672 1138 2727 contra
1163 2669 1257 2730 usum
1280 2664 1335 2729 lo-

233 2741 356 2836 quendi
379 2744 546 2834 ἐλθούσης
568 2743 604 2814 δὲ
625 2750 685 2836 τῆς
703 2747 837 2834 ἐντολῆς
859 2757 1069 2822 enarrarunt.
1118 2745 1225 2812 Venit
1245 2750 1334 2814 enim

231 2850 288 2896 res
309 2853 406 2918 quum
429 2834 570 2920 primum
592 2855 666 2899 esse
689 2832 806 2982 incipit
827 2840 860 2898 ot
880 2833 1029 2913 exsistit,
1056 2847 1136 2916 ergo
1156 2833 1209 2897 lex
1232 2856 1353 2981 ιησιισιΙ

231 2915 342 3064 {artur
353 2917 385 2997 5,
399 2916 480 2999 29..1
495 2911 515 3004 ἦ
530 2915 643 2996 πίστις
665 2919 742 2986 Gal.
778 2918 851 2994 ,23.
865 2918 920 2985 2⁵.
944 2940 1042 3005 quum
1057 2920 1198 3006 primum
1216 2940 1232 2982 a
1273 2920 1335 2984 ba-

256 3001 370 3066 endam
384 3000 480 3067 fidem
494 3002 644 3068 homines
656 3011 893 3093 provocantur,
914 3003 952 3068 rb
969 3000 1098 3068 τέλειον
1110 3025 1208 3094 quum
1220 3004 1338 3070 subla-

1277 1901 1336 1986 m
1403 1917 1404 1920 ‘

230 3084 278 3150 tis
293 3087 495 3174 imperfectis
510 3087 659 3178 bomines
672 3089 788 3154 christ.
804 3085 1000 3174 inperfecto
1019 3093 1108 3152 statu
1128 3088 1335 3158 collocantur
1368 3116 1371 3123 “

131 3202 134 3208 ’
231 3171 259 3236 1¹
268 3168 345 3239 Cor.
361 3172 414 3252 13,
434 3174 503 3250 lu,
525 3173 580 3234 res
593 3180 685 3256 pastu
701 3173 735 3239 b.
749 3193 778 3239 e.
793 3171 842 3236 rei
860 3177 973 3254 gestae
988 3173 1142 3254 nuntius,
1165 3194 1263 3259 quum
1276 3197 1335 3244 res

152 3323 155 3329 ,
231 3261 326 3339 gesta
344 3256 515 3342 nuntiatur
536 3255 684 3336 Thn·e.8‚
699 3256 753 3323 96.
774 3257 816 3321 cl.
829 3257 903 3337 97.,
924 3255 1084 3344 epistola,
1106 3277 1205 3343 quum
1222 3259 1336 3326 reddi-

231 3334 300 3406 tur.
344 3337 396 3406 cf.
420 3338 461 3406 ad
483 3337 588 3406 Maio.
617 3355 650 3428 p.
674 3341 757 3407 129..
800 3337 889 3426 Ergo
911 3335 1080 3428 ἐλθούσης
1101 3342 1137 3406 δὲ
1161 3339 1255 3424 ἐμοὶ
1273 3347 1336 3432 τῆς

137 3459 140 3465 ·
187 3492 188 3497 ,
227 3419 310 3492 Ἐνσ.
326 3425 374 3490 sic
389 3423 494 3489 Paulo
511 3424 719 3489 scribendum
736 3423 868 3492 fuisset.
903 3423 1337 3514 Accedit'quodprac'gres-

124 3549 127 3552 -
206 3561 208 3566 ,
231 3529 269 3576 sa
286 3509 640 3660 baucetprlanationem
657 3509 843 3597 postulant:
858 3508 1005 3574 vivebam
1017 3509 1088 3574 sine
1100 3509 1173 3597 lege
1189 3533 1271 3582 mos.
1283 3517 1335 3600 (lt.

140 3628 142 3635 v
184 3639 185 3642 κ
225 3603 264 3674 e.
285 3595 323 3660 ei
344 3615 403 3660 uon
429 3617 480 3658 um
502 3595 590 3678 tato)
613 3593 808 3680 aliquando,
836 3594 900 3668 sed,
916 3593 1091 3667 interdicto
1113 3599 1166 3680 (v.
1181 3597 1238 3680 7.)
1256 3621 1333 3684 pro-

231 3680 374 3764 mulpoto
396 3686 459 3746 etc.
503 3677 590 3742 Nam
613 3687 649 3748 v.
666 3681 773 3746 9:10.
796 3701 867 3743 cum
890 3701 922 3748 v..
941 3682 974 3748 ⁷.
995 3681 1028 3748 8.
1051 3680 1246 3764 cohaerent,
1276 3685 1333 3752 ubi
1403 3701 1404 3704 ’

145 3821 148 3833 .
232 3767 303 3854 Ap.
314 3771 382 3828 tum
399 3783 485 3851 quaa
499 3784 562 3828 non
577 3765 663 3829 laeta
676 3771 800 3845 essent,
822 3763 951 3829 nisilex
964 3786 1046 3833 mos.
1061 3765 1130 3829 lata
1145 3776 1234 3844 esset
1248 3773 1332 3853 νᾶ..

230 3855 400 3933 tum‘quae
415 3845 612 3916 accidissent
625 3851 698 3933 lege
715 3847 924 3938 promulgati
941 3870 971 3918 v.
980 3850 1013 3917 8.
1028 3848 1220 3920 declaravit.
1243 3851 1333 3938 Quin

145 4011 146 4014 η
173 4003 176 4008 ,
231 3929 274 3999 Ρ.
291 3933 352 3996 boc
364 3931 465 4002 dicit:
493 3955 561 4019 epo
582 3943 688 4000 arctam
703 3931 844 4000 oiocbom
865 3936 983 4016 (genus
998 3934 1172 4000 humanum
1188 3939 1333 4027 virebat)

102 4023 109 4036 '
232 4017 304 4085 eino
323 4013 427 4082 blosis
442 4019 514 4101 lege
528 4017 699 4104 aliquunde
715 4016 748 4084 b.
763 4037 793 4085 e.
810 4015 877 4102 πρὸ
892 4018 1047 4097 Μωσέως
1060 4019 1226 4108 (Chrys).
1252 4022 1333 4100 ‚Vo-
1403 4039 1404 4044 ’

125 4145 127 4160 .
232 4101 351 4166 cabula
367 4101 467 4186 ἔζων,
487 4124 519 4170 v.
534 4097 588 4170 19.
604 4097 776 4168 ἀπέθανον
790 4108 823 4166 et
839 4098 1064 4187 dedetractor,
1086 4113 1120 4170 et
1134 4112 1229 4176 vall.
1249 4105 1333 4176 ἆσέ-

217 4207 359 4250 vevocarer
379 4189 524 4271 proprie,
553 4207 618 4252 non
637 4187 777 4270 figurato
797 4185 853 4271 (de
873 4187 1032 4254 felicitato
1051 4198 1089 4273 et
1108 4192 1256 4274 miseriti)
1278 4217 1333 4260 oa.

231 4266 358 4370 pienda
371 4277 477 4343 sunt.
509 4267 597 4339 Num
612 4280 716 4339 morte
727 4271 859 4362 physico
873 4283 1005 4363 peccata
1018 4277 1141 4366 puniri,
1162 4275 1331 4350 Christum
