2842 5060
90 285 115 388 Ῐ
184 325 230 420 eo
372 310 1083 422 drrsrocannaouanos,
1145 363 1147 370 ·

172 479 329 589 diceret,
357 505 454 594 quad·
473 507 531 595 qni
548 503 747 594 loquentiu
762 505 931 572 voluntate
954 506 988 578 in
1011 505 1184 570 innectum
1206 523 1287 591 pro·

185 592 346 682 penderet
360 601 394 660 et
407 592 475 661 div.
491 595 564 675 lege
577 591 798 666 delectaretur
815 611 848 660 v.
865 592 916 656 15.
933 613 984 678 sq.
997 591 1064 660 22..
1110 588 1185 675 Quo
1206 589 1289 674 qai-

23 643 32 755 .
58 709 59 716 ¹
186 678 258 744 dean
288 679 419 744 invento
445 686 559 766 aperte
582 677 786 765 impugna-vit
807 677 1027 764 Apostolum,
1052 669 1128 764 'quo
1149 681 1288 740 auctore

47 761 48 770 ’
183 764 239 828 lex
255 785 336 830 moe.
352 763 560 851 quantumvis
573 762 655 842 irae,
677 762 865 827 severitatis
881 769 914 830 et
935 759 1101 842 dirarum,
1121 758 1187 828 div.
1210 779 1289 841 gra·
1314 814 1318 820 .

186 849 254 934 tiae
278 849 363 914 nihil
390 848 489 912 habet
509 848 625 930 (4,15.
650 847 672 910 2
695 847 774 914 Cor.
796 849 867 927 3‚6.
892 847 969 912 Gal.
988 847 1090 928 3,11.
1109 866 1160 930 sq.
1179 845 1291 934 4,5.),

212 934 309 1022 uippe
330 954 426 1020 qaam
449 933 594 1010 christae
615 931 803 998 haminibus
823 933 974 996 attulerit
996 928 1309 1016 5‚15.6,14.sq..‘

185 955 231 1084 At
244 1039 439 1105 quamquam
454 1013 559 1084 Mo'eis
575 1020 628 1082 len
643 1017 774 1083 divinae
789 1018 852 1082 luit
870 1017 1029 1099 originis,
1055 1036 1215 1102 nusquam
1235 1025 1288 1078 ta-

187 1125 259 1170 men
280 1101 318 1172 Ρ.
332 1105 386 1170 vel
401 1103 514 1170 docuit
533 1103 585 1168 vel
606 1101 866 1184 adsignificare,
891 1103 966 1190 pios
987 1099 1131 1171 Judacoe
1150 1099 1289 1188 pietatis

186 1187 298 1257 studia
325 1189 378 1253 vel
407 1189 520 1260 Deum
542 1187 804 1264 extraordinario
833 1188 987 1252 instituto
1013 1187 1207 1265 imbuisse„
1232 1183 1290 1248 nel

159 1335 160 1339 ,
186 1274 341 1363 spiritum
364 1273 541 1349 divinum.
576 1266 673 1338 Hunc
697 1273 783 1338 euim
812 1293 876 1336 non
906 1271 1027 1336 habent
1050 1270 1116 1334 nisi
1138 1269 1289 1346 dominice

84 1409 85 1414 η
148 1411 150 1417 2
187 1360 317 1444 gratiae
338 1355 405 1427 div.
430 1357 608 1446 participes
627 1359 723 1440 iacti,
760 1358 793 1424 ln.
815 1379 846 1426 c.
868 1357 1017 1422 homines
1035 1356 1151 1423 christ.
1166 1357 1238 1437 ⁷,o.
1252 1354 1290 1436 8,

47 1709 52 1720 ‘
141 1705 146 1714 '
188 1719 262 1767 cunr
276 1697 324 1763 *eci
343 1699 507 1765 sententia
528 1697 695 1777 contudit,

187 1447 221 1512 3.
237 1466 302 1531 eq..
350 1441 525 1507 Praeterea
542 1441 630 1530 quod
645 1443 793 1510 Tlctacc.
808 1463 872 1508 non
888 1461 986 1529 posce
1003 1440 1109 1523 legem
1126 1461 1208 1509 mos.
1227 1441 1288 1504 ho·

124 1591 125 1595 ,
188 1529 294 1595 mines
307 1527 429 1618 probos
444 1535 478 1593 et
492 1529 565 1617 pion
579 1526 724 1616 'reddere
739 1525 880 1592 Paulum
902 1527 935 1594 ln.
954 1525 979 1595 l.
1001 1525 1175 1594 ostendere
1195 1525 1289 1588 allia·-

187 1614 308 1696 movit,
336 1614 497 1701 Apostoli
525 1602 699 1678 consilium
724 1612 1025 1712 disputationisque
1056 1618 1288 1712 argumentum

186 1783 232 1850 ali
259 1785 311 1850 uie
324 1785 472 1867 colligat.
514 1783 651 1849 Scilicet
665 1693 1177 1857 Paquqmseqtgfitgqqpqqqtppqe
1196 1702 1290 1846 diod:

169 1807 383 1958 ‘prdicneam
399 1875 469 1934 turn
482 1870 720 1956 explanaturus
741 1877 810 1933 tam
832 1869 1042 1948 firmaturus,
1063 1867 1176 1954 pravis
1194 1864 1289 1952 capi-

189 1954 352 2019 ditatibus
369 1975 430 2043 per
443 1955 548 2036 legem
565 1975 648 2020 moe.
661 1951 728 2018 Dei
743 1953 796 2019 vel
811 1960 891 2018 nutu
908 1951 1047 2037 quodam
1062 1953 1113 2018 rel
1133 1952 1289 2016 instituto

188 2039 337 2104 accensis
365 2047 433 2116 tarn
465 2038 613 2126 improbe
642 2039 792 2104 homines
822 2037 943 2120 vixisse
966 2036 1221 2119 demonstravit,
1250 2041 1291 2102 ut

98 2175 99 2178 η
187 2124 457 2214 preaesentissima
475 2124 509 2187 in
531 2145 589 2188 ece
609 2145 698 2188 mors
718 2121 933 2211 impendeant.
977 2121 1065 2186 Hinc
1086 2143 1165 2186 sane
1189 2141 1290 2205 arpen·

187 2209 358 2276 mentando
379 2209 523 2289 efficias,
553 2229 615 2272 nou
639 2209 788 2296 potuisse
809 2209 916 2289 legem
940 2229 1019 2272 nans.
1040 2204 1082 2272 ad
1101 2207 1187 2272 vitea
1211 2225 1310 2269 saum

128 2351 131 2361 .
188 2295 335 2358 clitatem
356 2293 503 2358 homiues
524 2292 703 2375 adducereq
735 2292 793 2358 sed
817 2291 938 2357 idcirco
964 2293 996 2356 id
1020 2287 1058 2359 P.
1078 2313 1183 2378 neque
1206 2290 1240 2364 h.
1261 2290 1291 2363 1.

188 2377 427 2464 docuitneque
450 2376 706 2468 docerevoluit.
730 2415 769 2430 -
811 2376 888 2442 Nou
912 2376 1019 2442 minue
1040 2385 1167 2463 autern,
1191 2397 1291 2462 quam

180 2463 419 2546 Augustinus,
446 2462 533 2526 hcine
551 2463 576 2529 l.
596 2461 758 2550 pervertit
780 2461 927 2548 Koppiac
947 2482 1019 2526 cum
1041 2461 1112 2526 cuis
1142 2472 1292 2525 assecta-

187 2547 333 2614 toribus.
376 2545 511 2620 Putant
524 2547 609 2612 enim
626 2547 828 2634 Apostolum
848 2548 880 2614 h.
894 2547 919 2613 l.
935 2548 1006 2612 'sibi
1029 2545 1189 2612 accidisse
1210 2567 1292 2632 que·
1312 2540 1316 2550 ’

188 2634 239 2714 ri,
261 2653 346 2719 quae
362 2640 430 2698 turn
447 2632 512 2696 sihi
526 2631 744 2714 accidissent,
765 2641 835 2698 turn
850 2631 954 2696 cuivis
968 2633 1111 2713 homini,
1139 2654 1181 2697 ne
1202 2632 1309 2720 opti,

85 2721 118 2810 .·
164 2714 1292 2870 ·ttitllt'nittl‘l't¹¹tttl¹¹⁶tt¹tttttttltttts‘ttt’

189 2881 324 2962 tentiie‘:
346 2850 531 2955 accenditur
544 2825 828 2974 inteidteacprdvc
842 2887 1002 2972 cupiditas
1014 2854 1202 2970 vesuntione
1223 2886 1291 2951 cai-

190 2995 249 3062 qac
262 2981 418 3061 saepeque
431 2973 459 3038 ia
474 2973 580 3040 doleat
594 2975 677 3060 qarod
692 2973 869 3056 crepiditnte
883 2973 990 3038 elatus
1010 2971 1171 3060 officiam,
1196 2969 1292 3056 cajm

190 3060 400 3125 sanctitatem
421 3065 454 3124 ct
474 3065 580 3122 mente
598 3059 870 3143 perspexissent
890 3058 998 3122 arriano
1018 3057 1174 3142 reveritae
1194 3063 1291 3137 occet,

189 3143 367 3209 deseruerit
381 3163 419 3206 eo
432 3143 504 3207 laco
519 3142 631 3206 nullae
644 3143 737 3206 locas
751 3147 842 3223 erat,
870 3163 935 3227 quo
949 3145 1020 3228 Ap.
1038 3162 1121 3242 quae
1142 3141 1291 3228 proxime
1371 3155 1375 3164 ·

190 3227 231 3293 de
249 3226 381 3292 miseria
397 3247 457 3314 per
470 3228 575 3310 legem
592 3247 674 3292 mos.
692 3224 871 3312 importata
888 3232 922 3290 et
935 3224 975 3292 de
997 3227 1156 3290 lelrcitate
1177 3247 1291 3292 eornm
1368 3216 1373 3234 '

21 3370 26 3379 .
72 3329 74 3336 '
153 3335 157 3340 ’
191 3312 249 3400 qui
268 3309 395 3379 Christi
409 3311 659 3377 eseentalumni
673 3311 753 3376 tacti
768 3310 951 3398 scripserat
965 3333 997 3378 v.
1012 3310 1044 3378 5.
1061 3313 1095 3380 6.
1117 3296 1291 3376 illustrare

190 3395 326 3464 naluit.
351 3394 481 3462 Deinde
500 3397 617 3466 mirum
634 3397 697 3478 cit,
719 3398 749 3462 si
764 3399 834 3486 Ap.
847 3397 925 3461 illae
947 3397 1078 3461 minime
1102 3393 1292 3462 reconditae

159 3537 165 3548 ,
191 3480 377 3548 sententiae
400 3487 494 3544 tanto
522 3480 696 3546 verborum
719 3489 880 3570 apparatu
901 3492 1057 3570 tantoque
1076 3482 1177 3546 animi
1201 3490 1292 3546 motu
1408 3549 1414 3556 ,

166 3639 170 3644 ,
191 3565 395 3645 enuntiarit,
417 3573 540 3652 quanto
554 3588 627 3630 eum
644 3566 676 3634 h.
693 3566 719 3633 l.
738 3569 788 3631 uti
807 3566 968 3635 videmus.
1018 3566 1106 3632 Tum
1128 3588 1212 3653 qaae
1235 3567 1293 3631 hic

190 3651 345 3718 dicuntur
365 3672 428 3716 uon
450 3649 616 3738 quadrant
634 3650 666 3716 ia
689 3673 801 3717 omnes
822 3652 1026 3740 promiscue,
1053 3651 1111 3718 sed
1131 3654 1292 3738 pleraque

76 3755 77 3762 ¹
124 3765 127 3772 ·
191 3735 1292 3826 nonnisidehominibneinsiguiterimprobisvalenttv.ll.eqq.)‚

190 3821 388 3888 inhomines
401 3821 538 3903 christ„
557 3821 623 3972 1oqui
644 3843 721 3886 vere
743 3800 791 3888 eie
810 3821 1038 3922 appellentur.
1065 3844 1205 3910 prorsus
1226 3845 1307 3909 non

191 3906 312 3972 cadunt
325 3911 371 3991 (v.
387 3909 516 4008 supra).
588 3911 731 3971 ostremo
748 3907 895 3992 Koppcuc
909 3908 1034 3972 sunrma
1049 3929 1130 3972 enne
1153 3908 1292 3972 levitate

82 4049 83 4054 ,
190 3999 225 4057 et
239 3991 458 4056 inconstantui
473 4012 504 4053 rn
522 3989 554 4059 h.
571 3991 596 4058 l.
614 3991 808 4080 explicando
831 4003 981 4056 versatus
1003 4004 1117 4058 acutas
1131 3983 1293 4142 Apostoli
1406 4045 1412 4050 .

192 4077 374 4142 sententias
390 4076 537 4158 obtudit,
562 4098 680 4162 graues
696 4077 884 4141 extenuavit
898 4087 1060 4166 aptasque
1080 4078 1122 4141 ad
1144 4100 1161 4141 a
1181 4080 1292 4165 iquarn

191 4162 462 4250 perversitatem,
493 4172 529 4226 ut
550 4183 569 4225 a
594 4159 635 4228 P.
657 4162 797 4226 oonsilio
817 4162 1038 4249 institutoque
1061 4163 1292 4246 abhorrerent,

192 4249 344 4320 detorsit.
388 4246 456 4312 Sed
476 4246 560 4311 ialsa
574 4245 697 4332 Koppii
716 4247 828 4333 opinio
854 4249 905 4312 rel
925 4250 1218 4337 rrrnpcrxnonnnllis
1241 4239 1303 4313 in-'

190 4333 395 4422 terprctilnue
408 4333 554 4420 aliquam
574 4331 700 4399 erroris
719 4331 872 4434 nebulam
893 4333 1027 4424 objecit.
1070 4334 1127 4404 Sic
1146 4336 1185 4402 de
1204 4333 1293 4400 Wct-
