2824 5054
284 312 289 326 ⁴
406 322 1018 452 εειηιι.ιι.ιἰ.ιε..ῗ,’Ι
1131 318 1255 456 m*
1389 389 1390 406 ι

101 544 137 604 ot
151 532 307 604 contexti
319 533 470 601 oratione
485 531 786 626 contaminem.
801 533 849 603 A‘.
865 531 945 618 Μ,
957 530 1012 619 11,
1029 541 1069 608 1.
1079 523 1210 621 studo-

99 620 202 700 λεύς
229 620 292 706 γὰρ
321 615 524 704 ’ἐξεγείρεται
543 639 596 695 τις
615 613 673 686 in'
694 617 777 701 ἐμοῦ
806 619 869 688 τοῦ
894 619 979 686 λαοῦ
999 624 1125 701 παντὸς
1139 633 1209 711 κ),

102 707 164 774 ced
177 707 308 793 rtepnit
322 707 382 770 bae
395 704 632 792 explicationes
646 703 814 784 conclusio
828 726 860 775 v.
876 704 929 774 18.
945 695 984 772 ‘do
996 705 1096 778 θέλει
1109 712 1211 798 σκλη·

101 789 197 878 oriam
211 781 272 877 (ei.
289 793 433 878 cupra).
446 785 600 877 ἐξήγειρά
615 793 664 872 σε]
686 797 742 871 ,,ιε
760 791 901 872 servaci,
931 790 1036 862 codd.
1056 815 1111 883 ap.
1123 793 1210 868 Am.

101 875 282 946 brosiast.''
303 875 540 943 Grieobacbim.
584 872 713 964 Nempe
725 874 835 958 latini,
857 897 922 942 non
934 879 1057 960 graeci.
1101 878 1211 948 Dubi-

101 970 218 1030 tarunt
232 960 364 1042 Latini,
386 967 496 1026 utrum
512 953 667 1046 ἐξήγειρά
688 979 727 1025 σε
744 967 779 1026 ιε
792 961 962 1044 suscitavi,
983 983 1026 1029 an
1039 971 1073 1030 ιε
1084 965 1212 1036 ceroooi

101 1048 296 1118 vertendum
323 1056 425 1113 esset.
461 1043 556 1121 ὅπως
583 1041 843 1127 ἐνδείξωμαι-
864 1043 905 1112 έν
918 1041 1013 1138 πόση
1035 1051 1115 1135 o”·y

101 1132 309 1202 ostenderem
328 1132 362 1198 in
384 1141 418 1198 te
436 1133 491 1216 (on
513 1129 559 1230 bit
577 1131 612 1198 h.
634 1152 665 1199 e.
689 1151 789 1216 quum
809 1138 844 1197 ιε
866 1116 1038 1219 perderiam
1053 1051 1163 1205 ‘iixcd
1176 1140 1211 1220 9,

105 1223 158 1289 15.
180 1220 223 1286 ci.
247 1219 332 1285 inira
354 1238 384 1285 v.
396 1216 469 1296 22„
501 1216 560 1280 ubi
583 1213 625 1284 P.
645 1236 755 1281 vocem
772 1224 920 1283 noctram
950 1220 1096 1308 explicat
1114 1217 1147 1288 ei
1173 1223 1212 1290 de*

101 1305 217 1384 θέλων
239 1302 360 1380 tacta
381 1295 660 1378 ἐνδείξασθαι
681 1296 755 1388 τήν
778 1297 903 1389 ὀργὴν
922 1307 980 1370 καὶ
998 1304 1211 1391 γνωρίσαιιὸ

102 1381 434 1470 deteriorationi-5)
450 1384 513 1449 vim
530 1392 676 1451 meamet
689 1392 727 1451 ut
740 1385 968 1472 divulgaretur
978 1389 1095 1455 nomen
1105 1412 1212 1458 meum

15 1501 17 1510 ’
102 1478 138 1542 in
154 1483 226 1541 toto
240 1483 403 1539 terrarum
419 1471 498 1537 orbe
511 1471 570 1553 (ci.
583 1470 690 1538 Exod.
706 1471 821 1552 14,17.
836 1494 889 1560 eq.
909 1471 1091 1558 Nolano,
1108 1478 1190 1562 ln).

1114 1059 1301 1140 yut.

190 1560 238 1627 V.
263 1558 315 1627 18.
348 1557 515 1622 Summam
538 1555 578 1623 Ρ.
599 1555 774 1622 incitante
800 1556 962 1627 dicturum
983 1580 1014 1629 v.
1034 1562 1214 1634 tta—17.
1319 1572 1324 1578 '

105 1647 172 1727 ita,
193 1653 231 1710 ut
246 1665 310 1710 non
325 1664 409 1730 quae
424 1641 701 1708 demonstraverit
715 1652 830 1708 cuncta
871 1644 962 1710 aucis
976 1666 1045 1711 com
1072 1647 1214 1714 lectatur

82 1739 196 1813 ·(narn
224 1731 284 1795 boe
311 1735 409 1817 pacto
431 1716 498 1812 irino
519 1719 577 1793 οὖν
603 1716 814 1816 ὃνεῖγαειᾷ
841 1665 943 1806 iicet,
972 1712 1010 1794 ib
1058 1733 1075 1798 ὲ
1127 1731 1215 1800 ισεῐ

104 1811 284 1904 σκληρύνει
304 1814 374 1879 καὶ
395 1807 578 1893 οὐδεμία
598 1809 1064 1898 παρᾶεῷθεῦᾶδιεέα
1111 1815 1214 1886 στίν.
1288 1859 1292 1866 -

105 1902 255 1968 scribere
272 1898 450 1965 debuerat:
480 1897 631 1984 expende
653 1917 703 1964 rc.
727 1837 905 1968 11.-1b.
925 1908 960 1965 et
977 1899 1023 1969 ci.
1043 1899 1215 1992 Bonam),
1249 1888 1252 1902 Α

15 2053 16 2064 ,
104 1986 165 2052 eod
185 1994 224 2051 ut
242 1985 362 2052 ealntio
382 1981 567 2047 marcianae
586 1992 622 2049 ει
642 1981 851 2048 donationem
872 1989 906 2048 et
926 1984 1176 2068 denegationem
1191 2009 1215 2055 o

104 2072 172 2139 Dei
192 2071 355 2137 oolorotote
381 2065 524 2157 pendere
550 2066 586 2133 in
610 2067 792 2142 alticomum
815 2077 957 2136 moneat.
1007 2069 1075 2136 Sed
1096 2071 1214 2156 fuisse,

105 2153 294 2245 quiPaulo
316 2162 392 2218 ante
415 2151 567 2240 exposita
587 2153 643 2217 blo
657 2152 962 2240 comprehendenda
980 2156 1215 2224 iuieoeexiati·
1336 2183 1339 2189 ·

104 2245 253 2323 merent,
281 2237 404 2304 indicio
425 2247 477 2304 eet
497 2237 657 2303 correctio
677 2235 739 2304 Mt.
755 2258 784 2306 c.
805 2231 843 2303 ὃν
862 2241 899 2306 dd
921 2237 968 2307 od
987 2241 1087 2308 θέλει
1108 2243 1215 2330 σελη-

15 2325 16 2352 ¹
104 2323 210 2418 ρύνει.
252 2324 420 2392 Nimirum
441 2323 601 2388 librarius
609 2321 677 2388 ‘baio
696 2324 864 2390 sententia
878 2345 962 2412 opus
977 2347 1052 2392 ecee
1068 2317 1215 2416 putarit}

15 2419 16 2424 ’
104 2409 367 2486 misericordiam
391 2409 484 2475 Dona
504 2409 535 2473 ei
549 2404 668 2474 tribuit
680 2427 740 2494 qao
752 2408 1074 2497 delectatur(LXX.
1090 2410 1146 2480 Pe.
1158 2415 1214 2496 21,

106 2501 156 2582 9.)
169 2496 309 2588 ejusque
332 2494 475 2560 antimum
497 2494 698 2560 obstinatum
720 2492 847 2572 reddit,
868 2516 935 2644 ρει
948 2517 1010 2562 non
1023 2497 1215 2566 delectatur.

105 2582 180 2651 Imo
196 2581 238 2652 P.
251 2580 417 2670 quidnam*
447 2578 631 2645 raecedenti
645 2599 675 2647 v.
691 2578 853 2648 lt-n,
892 2581 1086 2667 inputatioui
1100 2604 1216 2650 aeeon·

107 2691 167 2735 eun
188 2671 229 2736 de
251 2668 367 2734 ultimo
387 2601 508 2731 cointio
533 2663 719 2728 messianae
740 2664 841 2729 causi
860 2671 1007 2732 statuere
1020 2667 1216 2735 debeaede·
1282 2739 1285 2746 ,

105 2755 296 2821 claraturus
322 2752 403 2817 haec
423 2751 521 2816 dicit:
546 2740 617 2834 ’ὄρει
636 2741 693 2814 οὖν
711 2739 749 2812 ὃν
762 2746 859 2814 θέλει
874 2756 936 2831 (ec.
953 2746 1071 2836 ἐλεεῖν)
1091 2751 1214 2821 attat.

106 2841 227 2928 itaque·
243 2858 317 2923 erqo
336 2835 589 2902 mirericordiam
608 2833 699 2900 Deam
727 2832 842 2899 tribuit
860 2834 1056 2922 felicitatem
1079 2838 1215 2906 caccia-

106 2947 185 2993 oom
198 2922 408 3010 impertiendo
423 2923 469 3006 (v.
484 2941 534 2987 re.
548 2919 603 2988 23.
617 2919 660 2984 cl.
675 2927 745 2987 not.
760 2917 800 2982 ad
819 2939 849 2986 v.
866 2919 1217 3006 lamentantium

106 3011 216 3092 vult,
238 3027 320 3091 ergo
340 3028 401 3092 pro
423 3005 570 3072 arbitrio.
615 3003 708 3070 Haec
722 3009 811 3068 reato
829 3004 1216 3077 conlactaneum.

105 3095 209 3176 Dixit
222 3095 308 3161 enim
323 3091 370 3158 ibi
383 3091 478 3175 Deua
493 3087 582 3154 Mosi
605 3084 765 3176 ἐλεήσει
787 3077 831 3153 ὃν
853 3084 900 3153 tv
918 3088 1023 3156 ἐλεῶ
1044 3098 1078 3157 ει
1099 3092 1217 3176 regula
1260 3121 1262 3126 ¹

106 3181 161 3246 bie
183 3201 215 3248 ε.
238 3177 407 3245 enuntiata
433 3175 605 3241 beatitatis
626 3175 826 3256 maenianae,
855 3195 939 3260 quae
958 3176 1081 3243 nemini
1102 3199 1121 3240 a
1140 3177 1217 3244 Deo

105 3266 285 3347 debeatur,
312 3262 523 3346 largitionem
544 3261 782 3347 complectatur
806 3280 941 3335 necesse
959 3266 1073 3347 nativ.
1087 3260 1217 3345 noted

107 3374 140 3422 v.
164 3351 246 3434 15.).
288 3339 326 3414 ‘0
348 3343 432 3424 θεός
457 3355 535 3442 ροει
560 3333 598 3408 ib
616 3342 715 3411 θέλει
740 3343 779 3412 Ρ.
803 3365 866 3408 non
889 3345 976 3432 qrrod
996 3347 1106 3412 animo
1127 3356 1218 3414 esset

106 3437 490 3514 vehementercommoto
506 3428 642 3496 retinuit
653 3429 833 3512 (Beatum),
862 3429 922 3514 eod
942 3432 1019 3517 quia
1035 3446 1135 3498 cauea
1151 3455 1217 3500 non

106 3523 173 3588 init
192 3541 251 3586 cur
273 3517 445 3606 adjiceret.
488 3517 575 3582 Nam
591 3507 701 3581 Deum
723 3537 797 3580 eece
812 3513 1001 3605 subjectum
1014 3525 1050 3582 ct
1064 3537 1082 3583 e
1098 3539 1134 3584 re
1148 3541 1217 3584 nm-

107 3609 266 3674 niiectum
288 3609 341 3670 eet
362 3603 585 3680 etcve.17.,
608 3599 774 3669 ubiDeue
788 3601 929 3686 loquens
944 3600 1125 3672 inducitur.
1154 3593 1217 3670 “Oa
1318 3627 1323 3634 ¹

107 3695 147 3761 dd
166 3691 266 3760 θέλει
288 3697 351 3771 (ει.
370 3683 579 3790 σκλρρὺνειν)
608 3679 798 3771 σκληρύνει]
827 3706 939 3773 quem
967 3695 1101 3754 autem
1129 3689 1217 3754 ειιιι

20 3769 21 3836 J
106 3783 343 3856 contumacem,
388 3793 455 3860 quo
487 3791 559 3856 pro
590 3775 665 3836 ειιει
706 3773 965 3836 contumacia
1023 3771 1217 3840 elicitnte
1339 3824 1346 3838 ,

106 3862 320 3928 marciana
347 3857 519 3925 excidat
540 3855 599 3938 inl.
620 3875 652 3922 v.
668 3855 722 3924 22.
739 3857 792 3935 ll,
805 3853 895 3936 25.),
922 3855 982 3922 red
1002 3877 1073 3937 ere,
1097 3857 1216 3926 reddit.

106 3947 201 4013 Haec
223 3952 313 4010 reete
332 3945 403 4030 Ap.
422 3963 442 4006 ε
462 3963 513 4008 vo.
530 3941 582 4006 17.
607 3938 792 4004 conclusit.
805 3966 818 3982 ε
832 3938 962 4004 Sumsit
991 3940 1115 4023 enim„
1132 3961 1216 4027 quae

105 4029 216 4100 Exod.
229 4033 262 4111 9,
278 4031 329 4096 16.
343 4026 511 4094 Pharaoni
524 4048 544 4090 a
558 4023 632 4088 Deo
647 4025 803 4089 dicuntur
816 4021 938 4089 idcirco
953 4023 1037 4106 dici,
1059 4037 1095 4091 ut
1108 4026 1217 4093 homi·
1311 4011 1330 4056 ·’

105 4137 185 4201 nee,
207 4129 292 4204 quos
311 4115 498 4179 fortunatos
519 4110 660 4175 reddere
677 4107 773 4188 nolit,
795 4116 1003 4176 contumaces
1018 4110 1125 4198 Deum
1139 4109 1218 4177 red·

105 4202 205 4282 dere,
235 4221 277 4266 ne
296 4220 357 4288 per
380 4196 550 4265 Christum
572 4196 730 4274 beentur,
756 4200 912 4283 tanquam
926 4216 987 4283 per
1004 4203 1216 4263 transennam

104 4289 204 4354 nobie
227 4284 425 4352 ostendatur
446 4284 495 4368 (ε.
519 4280 640 4432 ειερρει
656 4301 687 4347 v.
705 4281 787 4362 ln).
834 4278 935 4344 Θέλει
950 4289 1026 4345 ante
1040 4278 1217 4368 σκληρύνει

104 4374 264 4441 omittunt
282 4366 412 4456 (280545.
431 4367 558 4444 Miltia,
592 4367 698 4452 roleg.
720 4367 753 4448 ς.
770 4363 885 4515 1ε1ὶ3ί3.2
897 4376 1022 4432 ιεηιεεε
1041 4370 1216 4456 probante.
1283 4417 1288 4428 ,
