2876 5056
296 325 299 338 ’
377 320 938 439 maurimont-ce..
1164 360 1231 430 εει

128 527 196 595 σοί
206 523 361 614 φείσεται
374 532 546 592 contentas
560 525 665 606 laissa
677 527 713 591 et
727 525 784 610 qui
798 523 959 592 Futurum
980 519 1136 616 φείσεται
1152 527 1231 608 post

126 613 250 706 μήπως
270 634 334 677 non
350 612 583 714 ‘concurrissent
598 606 757 698 φείσηται
771 612 948 760 scripsisse
962 612 1014 695 ήε.
1030 608 1122 677 Mill.
1135 604 1230 679 l'rol.
1291 655 1293 662 ·

128 693 787 848 sternutamentum
800 695 846 842 {i
864 702 969 865 lut
985 691 1232 866 Nobili:
1303 759 1319 826 .·

128 801 328 933 uoluerimus
342 868 510 932 linxerunt
522 803 618 968 guam
632 865 776 934 luerunt.
813 826 899 931 Posi
909 827 1093 950 pioploipar,
1114 863 1231 946 βλέπω

128 950 201 1038 μή,
228 946 392 1042 μήποτε
413 959 448 1019 et
467 952 591 1018 sianrlia
610 951 670 1015 alii
690 946 958 1040 conjunctivum,
985 953 1047 1017 alii
1067 951 1232 1016 Futurum

128 1035 253 1103 idcirco
274 1044 479 1117 exararunt‚‘
506 1035 584 1126 quia
613 1044 788 1126 utrumqne
812 1034 972 1123 loquendi
996 1027 1232 1102 consuetudini
1354 1053 1356 1072 ·

129 1128 384 1188 consentaneum
415 1143 491 1190 esse
518 1123 699 1190 sciverunt.
756 1120 979 1208 Quamobrem
1008 1141 1094 1188 nune
1121 1121 1233 1188 literis
1334 1175 1341 1198 „

128 1207 291 1274 oculorum
311 1228 422 1275 errore
438 1208 586 1273 confusis
607 1227 648 1272 ex
670 1205 887 1295 conjunctiva
900 1207 1062 1274 Futurum
1083 1193 1234 1273 lecerunt
1266 1279 1273 1298 ι

132 1293 180 1376 (v.
193 1291 314 1360 Muttb.
327 1292 381 1374 25,
389 1294 420 1358 9.
442 1293 549 1361 Hebr.
566 1293 617 1375 12,
626 1292 682 1360 25.
696 1313 787 1362 varr.
800 1293 912 1374 lect),
934 1311 1019 1357 nunc
1036 1296 1130 1378 quum
1144 1291 1235 1359 aliani
1253 1310 1256 1326 ¹

130 1385 265 1462 sperent
284 1377 446 1476 Futurum
474 1399 536 1466 pro
559 1374 777 1486 conjunctivo
805 1377 1013 1465 seripserunt
1037 1381 1084 1461 (r.
1110 1378 1233 1449 Genea.
1296 1419 1303 1430 ι

127 1461 188 1544 24,
199 1463 281 1545 39.).
324 1461 396 1529 lmo
409 1465 575 1551 scriptura
594 1463 673 1528 onae
688 1463 751 1529 σοῦ
765 1460 921 1570 φείσεται
937 1471 1101 1529 vetustum
1119 1463 1235 1547 vulga·

26 1595 32 1602 -
128 1555 184 1612 tae
210 1541 365 1614 lectionis
390 1546 511 1636 μήπως
539 1547 618 1615 οὐδὲ
640 1551 702 1613 σοῦ
721 1567 883 1636 φεισηται
903 1547 1235 1635 interpretamentum

131 1639 198 1706 est.
254 1633 493 1700 Observarunt·
515 1634 739 1720 interpretes,
773 1633 960 1704 sententiae
981 1633 1092 1702 verbis
1112 1628 1236 1719 μήπως

130 1711 212 1784 otae
229 1720 292 1784 σοῦ
312 1716 472 1808 φείσιγται
492 1719 749 1806 comprehensae
763 1737 924 1784 summam
937 1717 1020 1784 banc
1034 1739 1128 1785 asae:
1155 1711 1235 1784 eoae

130 1801 194 1870 aab
216 1801 388 1887 φείσεται,
421 1804 522 1871 sicuti
543 1804 712 1891 Aethiops
731 1823 803 1868 eam
816 1803 882 1868 bis
900 1823 932 1870 v.
952 1805 1235 1910 complanasset:

128 1885 177 1974 μὴ
193 1889 256 1953 σοῦ
273 1883 446 1974 peluem,-
478 1889 654 1956 Lectiones
672 1893 781 1954 autem
795 1881 875 1954 aaut
890 1888 952 1952 σοῦ
962 1908 1139 1976 φεισήται
1153 1888 1236 1974 (sia)

130 1982 166 2036 et
192 1967 340 2059 μήπως
369 1971 448 2040 οὐδὲ
470 1975 532 2041 σοῦ
556 1969 754 2061 φείσεται
775 1995 794 2037 e
816 1973 951 2062 vulgati
972 1971 1139 2080 scripturi
1159 1965 1236 2056 μή·

131 2074 218 2132 πως
238 2054 319 2123 οὐδὲ
339 2055 400 2123 σοῦ
421 2056 592 2146 φείσηται
612 2059 751 2149 ejusque
766 2058 854 2124 inter
897 2067 1062 2124 elemento
1077 2055 1157 2123 οὐδὲ
1173 2057 1236 2123 σοῦ

131 2138 289 2226 φείσεται
302 2151 425 2208 temere
437 2146 684 2227 conglutinatae
701 2151 790 2212 sunt.
870 2165 888 2208 a
907 2142 989 2250 qaid
1006 2151 1115 2209 tamen
1134 2143 1237 2207 dissi-

133 2226 273 2306 mulem,
301 2235 413 2314 potest
432 2231 533 2297 etiam
550 2227 675 2314 μήπως
687 2227 767 2294 οὐδὲ
782 2229 845 2293 σοῦ
861 2247 1015 2314 φεισεται
1029 2227 1171 2314 genuina
1187 2229 1237 2292 le·
1301 2271 1303 2279 ·

131 2311 197 2376 atio
216 2310 337 2382 videri.
379 2312 494 2378 Facile
515 2335 535 2377 a
557 2314 793 2378 festinantibus
813 2313 966 2378 librariis
983 2310 1105 2400 μήπως
1122 2315 1237 2396 negle-

132 2402 220 2461 ctum
234 2409 267 2462 et
281 2399 507 2464 tantummodo
523 2399 600 2463 σνιίε
614 2395 846 2500 σουφείσεται
860 2401 1021 2486 scriptum
1040 2420 1115 2465 asse
1131 2406 1238 2486 patet.

5 2482 6 2504 ¹
132 2479 222 2547 Tum
242 2482 327 2548 ulios
347 2482 405 2570 qui
422 2481 543 2585 μήπως
564 2482 782 2548 retinuissent
797 2483 919 2569 μήπως
933 2478 1012 2550 οὐδὲ
1026 2485 1088 2552 σοῦ
1106 2481 1238 2570 φείση·

131 2587 189 2630 ται
205 2569 361 2668 poauissa
374 2589 438 2632 non
453 2589 570 2632 morum
584 2576 647 2635 eet.
692 2566 866 2633 Postremo
879 2570 1042 2648 nonnulli,
1062 2578 1100 2636 ut
1114 2569 1164 2649 lit,
1186 2569 1239 2633 di·

13 2691 16 2698 .
131 2655 250 2716 verensx
263 2651 460 2719 lectionibus
480 2661 604 2717 temere
625 2653 776 2716 conflatis
799 2650 877 2718 οὐδὲ
895 2653 958 2718 σοῦ
972 2650 1144 2741 φείσηται
1156 2671 1238 2719 exa-

122 2739 266 2803 rarunt.
309 2737 434 2804 Fateor
447 2747 558 2804 tamen
572 2738 768 2803 sententiam
781 2737 898 2823 priore
908 2737 982 2806 locu
995 2743 1137 2825 positam
1156 2740 1239 2806 mibi

133 2821 402 2889 verisimiliorem
421 2822 541 2890 videri.
590 2820 808 2908 lllnd'quivia
821 2824 999 2887 concedere
1013 2823 1128 2904 debet,
1150 2822 1239 2890 Pau-

132 2907 201 2972 lum
230 2915 288 2974 out
314 2905 462 2994 μήπως
491 2905 570 2974 οὐδὲ
590 2907 655 2973 σοῦ
677 2905 869 2992 φείσηται,
908 2915 967 2974 out
987 2903 1136 2994 μήπως
1158 2905 1238 2976 οὐδὲ

35 3073 39 3080 .
134 2991 198 3057 σοῦ
221 2988 420 3077 φείσεται
441 3013 600 3058 exarasse
621 2998 656 3075 et
675 2993 850 3058 lectionem
871 3015 890 3059 a
912 2990 1123 3059 Lucbmnono
1139 3014 1238 3060 reee-

133 3087 224 3180 ptam
238 3073 315 3144 οὐδὲ
329 3079 391 3178 σοῦ
405 3077 560 3179 φείσεται
572 3099 667 3142 curru
693 3077 791 3178 telam
806 3099 901 3180 esse..
920 3079 991 3166 Ap.
1007 3079 1056 3142 siu
1065 3075 1240 3230 γίίῗήνιεεελτ
1264 3153 1272 3162 ,
1356 3081 1358 3094 ⁴

133 3183 168 3228 m
187 3169 400 3263 metraspotpus
409 3184 641 3270 pareceptum
679 3163 730 3226 dea
744 3161 954 3265 nuufrupmm
966 3161 1090 3313 {pueros
1139 3163 1238 3267 elfa-

133 3269 208 3314 vore
226 3267 365 3332 procerae
383 3248 484 3332 (αλλα
504 3251 615 3333 φοβον
636 3267 667 3314 r.
680 3247 763 3328 20.).
812 3249 902 3315 Num
921 3270 951 3314 ει
1004 3269 1061 3314 εειε
1078 3269 1182 3315 ramea
1201 3269 1237 3316 ιιι

103 3335 108 3340 ’
134 3331 220 3398 olim
234 3333 396 3399 πολίεσσιν
407 3332 570 3434 pepercit,
590 3353 699 3398 uereor
713 3355 753 3397 ne
768 3332 828 3399 tibi
841 3355 961 3422 quoque
974 3333 1130 3421 (oleastri
1144 3355 1237 3400 ramo
1360 3345 1364 3362 ‘

134 3413 171 3481 in
198 3418 305 3482 oleam
333 3417 498 3504 immisso)
525 3439 587 3484 noo
611 3425 742 3501 puroet.
799 3416 909 3485 Citius
931 3422 1017 3501 enim
1041 3420 1239 3492 hortulanus

135 3511 300 3586 agrestem
326 3504 511 3584 surculum,
544 3525 641 3590 quem
667 3502 771 3567 bonae
794 3505 906 3572 ¹arbori
929 3506 1102 3584 inseverit,
1138 3525 1238 3594 qaum
1334 3517 1346 3530 ‘

134 3587 285 3653 inutilem
301 3607 375 3650 enm
387 3607 463 3652 esse
478 3587 669 3672 cognoverit
683 3588 867 3672 delringat,
896 3611 993 3677 quam
1012 3589 1160 3656 sterilem
1179 3598 1238 3657 nb-

134 3673 217 3738 bilis
245 3673 376 3737 arboris
404 3693 530 3737 ramum
557 3670 721 3739 ,exciderit
747 3672 914 3761 citiusque
941 3673 1035 3739 Deus
1063 3675 1239 3764 adoptivos

135 3759 244 3840 iilius,
280 3757 338 3844 qui
360 3756 583 3823 deterioribus
605 3758 919 3839 inclinati-luerint,
957 3759 1106 3842 abdicet,
1140 3785 1238 3848 quam
1264 3806 1276 3837 e
1305 3764 1308 3774 “

135 3844 308 3909 naturales
334 3841 442 3924 lilios,
475 3842 534 3928 qni
558 3842 707 3910 homines
733 3864 873 3932 aequam
897 3850 931 3909 at
951 3843 1092 3933 improbi
1113 3854 1239 3930 essent,

136 3927 233 3992 domo
247 3929 443 3996 extruserit.
476 3929 528 3994 ct.
544 3927 687 4014 Dionys.
701 3927 782 3993 Hal.
794 3929 895 4008 4,46.
910 3927 963 3996 1⁵.
979 3930 1109 4015 πολλῆς
1120 3954 1156 3997 τε
1167 3956 1238 4013 μω·
1333 3947 1335 3951 “

137 4010 213 4100 ρίας
235 4011 302 4100 ἔφη
324 4014 494 4100 (Turnus)
514 4015 571 4078 καί
589 4008 815 4096 θεοβλαβείας
828 3999 913 4078 εἶναι
928 4052 968 4065 -
981 4051 1023 4088 7-
1035 4051 1078 4062 —-
1092 4017 1239 4096 νομίζειν

138 4093 184 4174 ὧς
206 4093 224 4166 ὁ
244 4099 309 4163 τῶν
329 4090 591 4186 συγγενεστάτων
610 4099 666 4162 καί
685 4093 952 4178 ἀναγκαιοτάτων
970 4097 1017 4184 μή
1036 4096 1239 4184 φεισάμενος

137 4181 225 4270 (Tar
252 4183 378 4269 ninius)
391 4189 455 4248 τῶν
469 4178 653 4267 ἀλλοτρίων
665 4177 829 4267 φείσεται.
1044 4254 1046 4262 ,

221 4206 269 4337 ὅ.
281 4269 338 4340 22.
352 4276 388 4336 et
399 4270 454 4335 23.
482 4266 581 4337 Nune
599 4266 821 4354 Relucentne
837 4268 871 4334 in
889 4267 1079 4334 incredulos
1091 4269 1238 4338 Jndeeos

140 4351 389 4426 baiovariae
408 4353 507 4424 sitet
528 4360 651 4446 quanta
673 4353 708 4421 in
730 4353 838 4446 ipsum
861 4355 939 4442 quia
961 4353 1058 4426 tidem
1084 4356 1238 4426 babuerit
