<?xml version="1.0" encoding="UTF-8"?>
<!DOCTYPE html PUBLIC "-//W3C//DTD XHTML 1.0 Transitional//EN"
    "http://www.w3.org/TR/xhtml1/DTD/xhtml1-transitional.dtd">
<html xmlns="http://www.w3.org/1999/xhtml" xml:lang="en" lang="en">
 <head>
  <title>
</title>
<meta http-equiv="Content-Type" content="text/html;charset=utf-8" />
  <meta name='ocr-system' content='tesseract 3.04.00' />
  <meta name='ocr-capabilities' content='ocr_page ocr_carea ocr_par ocr_line ocrx_word'/>
</head>
<body>
  <div class='ocr_page' id='page_1' title='image "./pauliadromanose00fritgoog_0357.png"; bbox 0 0 2824 5054; ppageno 0'>
   <div class='ocr_carea' id='block_1_1' title="bbox 136 337 1082 453">
    <p class='ocr_par' dir='ltr' id='par_1_1' title="bbox 136 337 1082 453">
     <span class='ocr_line' id='line_1_1' title="bbox 136 337 1082 453; baseline -0.006 -21"><span class='ocrx_word' id='word_1_1' title='bbox 136 439 138 448; x_wconf 66' lang='lat'>,</span> <span class='ocrx_word' id='word_1_2' title='bbox 171 363 239 432; x_wconf 77' lang='lat' dir='ltr'>nes</span> <span class='ocrx_word' id='word_1_3' title='bbox 383 337 672 453; x_wconf 73' lang='lat' dir='ltr'>netsnons&#39;</span> <span class='ocrx_word' id='word_1_4' title='bbox 700 357 1082 428; x_wconf 69' lang='lat' dir='ltr'>annonarios</span> 
     </span>
    </p>
   </div>
   <div class='ocr_carea' id='block_1_2' title="bbox 178 519 1404 948">
    <p class='ocr_par' dir='ltr' id='par_1_2' title="bbox 178 519 1404 948">
     <span class='ocr_line' id='line_1_2' title="bbox 179 519 1404 613; baseline -0.004 -25"><span class='ocrx_word' id='word_1_5' title='bbox 179 521 344 613; x_wconf 70' lang='lat' dir='ltr'>patientiis</span> <span class='ocrx_word' id='word_1_6' title='bbox 365 523 525 589; x_wconf 87' lang='lat' dir='ltr'>sustinuit</span> <span class='ocrx_word' id='word_1_7' title='bbox 546 543 625 590; x_wconf 73' lang='lat' dir='ltr'>onoc</span> <span class='ocrx_word' id='word_1_8' title='bbox 647 524 721 588; x_wconf 83' lang='lat' dir='ltr'>irae·</span> <span class='ocrx_word' id='word_1_9' title='bbox 740 523 783 590; x_wconf 84' lang='lat' dir='ltr'>ad</span> <span class='ocrx_word' id='word_1_10' title='bbox 798 523 964 590; x_wconf 79' lang='lat' dir='ltr'>interitum</span> <span class='ocrx_word' id='word_1_11' title='bbox 980 520 1155 604; x_wconf 82' lang='lat' dir='ltr'>composita</span> <span class='ocrx_word' id='word_1_12' title='bbox 1170 525 1202 585; x_wconf 85' lang='lat' dir='ltr'>et</span> <span class='ocrx_word' id='word_1_13' title='bbox 1219 519 1294 605; x_wconf 80' lang='lat' dir='ltr'>qui·</span> <span class='ocrx_word' id='word_1_14' title='bbox 1403 531 1404 600; x_wconf 74' lang='lat' dir='ltr'>f</span> 
     </span>
     <span class='ocr_line' id='line_1_3' title="bbox 178 606 1294 698; baseline -0.005 -24"><span class='ocrx_word' id='word_1_15' title='bbox 178 611 251 674; x_wconf 83' lang='lat' dir='ltr'>dem</span> <span class='ocrx_word' id='word_1_16' title='bbox 265 613 307 696; x_wconf 88' lang='lat' dir='ltr'>(s.</span> <span class='ocrx_word' id='word_1_17' title='bbox 323 611 438 694; x_wconf 89' lang='lat' dir='ltr'>etiam)</span> <span class='ocrx_word' id='word_1_18' title='bbox 459 619 654 698; x_wconf 85' lang='lat' dir='ltr'>propterea,</span> <span class='ocrx_word' id='word_1_19' title='bbox 682 617 720 672; x_wconf 89' lang='lat' dir='ltr'>nt</span> <span class='ocrx_word' id='word_1_20' title='bbox 734 611 939 676; x_wconf 81' lang='lat' dir='ltr'><strong>manifestam</strong></span> <span class='ocrx_word' id='word_1_21' title='bbox 964 609 1086 671; x_wconf 83' lang='lat' dir='ltr'>la&#39;ceret</span> <span class='ocrx_word' id='word_1_22' title='bbox 1104 606 1294 689; x_wconf 83' lang='lat' dir='ltr'>benignita-</span> 
     </span>
     <span class='ocr_line' id='line_1_4' title="bbox 180 691 1344 839; baseline -0.006 -79"><span class='ocrx_word' id='word_1_23' title='bbox 180 695 226 760; x_wconf 87' lang='lat' dir='ltr'>tis</span> <span class='ocrx_word' id='word_1_24' title='bbox 240 716 318 761; x_wconf 88' lang='lat' dir='ltr'>suae</span> <span class='ocrx_word' id='word_1_25' title='bbox 336 695 569 760; x_wconf 74' lang='lat' dir='ltr'>abundantiam</span> <span class='ocrx_word' id='word_1_26' title='bbox 584 697 672 758; x_wconf 88' lang='lat' dir='ltr'>caris</span> <span class='ocrx_word' id='word_1_27' title='bbox 688 695 794 774; x_wconf 86' lang='lat' dir='ltr'>nasis,</span> <span class='ocrx_word' id='word_1_28' title='bbox 817 716 900 782; x_wconf 88' lang='lat' dir='ltr'>qnae</span> <span class='ocrx_word' id='word_1_29' title='bbox 914 691 954 757; x_wconf 94' lang='lat' dir='ltr'>ad</span> <span class='ocrx_word' id='word_1_30' title='bbox 969 693 1175 780; x_wconf 76' lang='lat' dir='ltr'>splendorem</span> <span class='ocrx_word' id='word_1_31' title='bbox 1187 711 1295 839; x_wconf 75' lang='lat' dir='ltr'>prae·</span> <span class='ocrx_word' id='word_1_32' title='bbox 1340 713 1344 731; x_wconf 60' lang='lat'><em>²</em></span> 
     </span>
     <span class='ocr_line' id='line_1_5' title="bbox 180 775 1296 869; baseline -0.003 -26"><span class='ocrx_word' id='word_1_33' title='bbox 180 788 364 869; x_wconf 82' lang='lat' dir='ltr'>parasset,</span> <span class='ocrx_word' id='word_1_34' title='bbox 381 779 464 868; x_wconf 80' lang='lat' dir='ltr'>quos</span> <span class='ocrx_word' id='word_1_35' title='bbox 486 781 585 844; x_wconf 89' lang='lat' dir='ltr'>etiam</span> <span class='ocrx_word' id='word_1_36' title='bbox 609 780 843 844; x_wconf 83' lang='lat' dir='ltr'>invitavit-nos</span> <span class='ocrx_word' id='word_1_37' title='bbox 864 801 929 844; x_wconf 91' lang='lat' dir='ltr'>non</span> <span class='ocrx_word' id='word_1_38' title='bbox 951 781 1056 844; x_wconf 90' lang='lat' dir='ltr'>selum</span> <span class='ocrx_word' id='word_1_39' title='bbox 1079 800 1121 842; x_wconf 85' lang='lat' dir='ltr'>ex</span> <span class='ocrx_word' id='word_1_40' title='bbox 1138 776 1182 844; x_wconf 87' lang='lat' dir='ltr'>Ju</span> <span class='ocrx_word' id='word_1_41' title='bbox 1209 775 1296 856; x_wconf 83' lang='lat' dir='ltr'>aeis,</span> 
     </span>
     <span class='ocr_line' id='line_1_6' title="bbox 183 857 1295 948; baseline -0.004 -18"><span class='ocrx_word' id='word_1_42' title='bbox 183 863 365 946; x_wconf 84' lang='lat' dir='ltr'>sedetiam</span> <span class='ocrx_word' id='word_1_43' title='bbox 390 889 408 930; x_wconf 86' lang='lat' dir='ltr'>e</span> <span class='ocrx_word' id='word_1_44' title='bbox 431 865 613 948; x_wconf 79' lang='lat' dir='ltr'>gentilibus</span> <span class='ocrx_word' id='word_1_45' title='bbox 628 857 694 930; x_wconf 69' lang='lat' dir='ltr'>-i</span> <span class='ocrx_word' id='word_1_46' title='bbox 732 866 788 931; x_wconf 86' lang='lat' dir='ltr'>Sie</span> <span class='ocrx_word' id='word_1_47' title='bbox 812 867 976 930; x_wconf 84' lang='lat' dir='ltr'>sublatam</span> <span class='ocrx_word' id='word_1_48' title='bbox 1004 877 1080 929; x_wconf 78' lang='lat' dir='ltr'>&#39;esse</span> <span class='ocrx_word' id='word_1_49' title='bbox 1104 862 1295 927; x_wconf 89' lang='lat' dir='ltr'>sententiae</span> 
     </span>
    </p>
   </div>
   <div class='ocr_carea' id='block_1_3' title="bbox 94 947 1404 1209">
    <p class='ocr_par' dir='ltr' id='par_1_3' title="bbox 94 935 1404 1209">
     <span class='ocr_line' id='line_1_7' title="bbox 174 947 1296 1038; baseline -0.006 -22"><span class='ocrx_word' id='word_1_50' title='bbox 174 959 213 1016; x_wconf 73' lang='lat' dir='ltr'>&#39;m</span> <span class='ocrx_word' id='word_1_51' title='bbox 231 952 282 1018; x_wconf 85' lang='lat'>18.</span> <span class='ocrx_word' id='word_1_52' title='bbox 296 952 486 1038; x_wconf 76' lang='lat' dir='ltr'>propositae</span> <span class='ocrx_word' id='word_1_53' title='bbox 501 949 731 1038; x_wconf 81' lang='lat' dir='ltr'>asperitatem,</span> <span class='ocrx_word' id='word_1_54' title='bbox 753 951 780 1014; x_wconf 91' lang='lat' dir='ltr'>si</span> <span class='ocrx_word' id='word_1_55' title='bbox 796 951 876 1016; x_wconf 76' lang='lat' dir='ltr'>berec</span> <span class='ocrx_word' id='word_1_56' title='bbox 893 957 999 1013; x_wconf 87' lang='lat' dir='ltr'>tecum</span> <span class='ocrx_word' id='word_1_57' title='bbox 1017 947 1296 1027; x_wconf 85' lang='lat' dir='ltr'>consideraveris,</span> 
     </span>
     <span class='ocr_line' id='line_1_8' title="bbox 94 1031 1404 1122; baseline -0.007 -18"><span class='ocrx_word' id='word_1_58' title='bbox 94 1097 96 1107; x_wconf 31' lang='lat' dir='ltr'>r</span> <span class='ocrx_word' id='word_1_59' title='bbox 181 1038 254 1122; x_wconf 82' lang='lat' dir='ltr'>Ap.</span> <span class='ocrx_word' id='word_1_60' title='bbox 269 1035 367 1102; x_wconf 90' lang='lat' dir='ltr'>dicit:</span> <span class='ocrx_word' id='word_1_61' title='bbox 389 1035 419 1101; x_wconf 91' lang='lat' dir='ltr'>l.</span> <span class='ocrx_word' id='word_1_62' title='bbox 435 1035 578 1100; x_wconf 92' lang='lat' dir='ltr'>nondum</span> <span class='ocrx_word' id='word_1_63' title='bbox 591 1037 742 1102; x_wconf 84' lang='lat' dir='ltr'>nocuisse</span> <span class='ocrx_word' id='word_1_64' title='bbox 760 1035 864 1100; x_wconf 89' lang='lat' dir='ltr'>Deum</span> <span class='ocrx_word' id='word_1_65' title='bbox 883 1035 1129 1110; x_wconf 81' lang='lat' dir='ltr'>contumacibus</span> <span class='ocrx_word' id='word_1_66' title='bbox 1143 1031 1164 1102; x_wconf 86' lang='lat' dir='ltr'>J</span> <span class='ocrx_word' id='word_1_67' title='bbox 1167 1033 1310 1122; x_wconf 86' lang='lat' dir='ltr'>udaeis,¹</span> <span class='ocrx_word' id='word_1_68' title='bbox 1403 1047 1404 1084; x_wconf 64' lang='lat' dir='ltr'>t</span> 
     </span>
     <span class='ocr_line' id='line_1_9' title="bbox 183 1117 1404 1209; baseline 0.002 -26"><span class='ocrx_word' id='word_1_69' title='bbox 183 1121 334 1208; x_wconf 81' lang='lat' dir='ltr'>qrremvis</span> <span class='ocrx_word' id='word_1_70' title='bbox 354 1123 396 1187; x_wconf 90' lang='lat' dir='ltr'>iis</span> <span class='ocrx_word' id='word_1_71' title='bbox 417 1121 594 1209; x_wconf 88' lang='lat' dir='ltr'>perdendis</span> <span class='ocrx_word' id='word_1_72' title='bbox 617 1124 700 1187; x_wconf 88' lang='lat' dir='ltr'>iram</span> <span class='ocrx_word' id='word_1_73' title='bbox 722 1144 813 1187; x_wconf 73' lang='lat' dir='ltr'>stram</span> <span class='ocrx_word' id='word_1_74' title='bbox 834 1117 1003 1198; x_wconf 67' lang='lat' dir='ltr'>declarare</span> <span class='ocrx_word' id='word_1_75' title='bbox 1024 1121 1141 1198; x_wconf 85' lang='lat' dir='ltr'>vellet,</span> <span class='ocrx_word' id='word_1_76' title='bbox 1155 1119 1229 1188; x_wconf 85' lang='lat' dir='ltr'>,sed</span> <span class='ocrx_word' id='word_1_77' title='bbox 1242 1120 1298 1183; x_wconf 91' lang='lat' dir='ltr'>in·</span> <span class='ocrx_word' id='word_1_78' title='bbox 1403 1147 1404 1186; x_wconf 75' lang='lat' dir='ltr'>l</span> 
     </span>
    </p>
   </div>
   <div class='ocr_carea' id='block_1_4' title="bbox 78 1203 1299 1298">
    <p class='ocr_par' dir='ltr' id='par_1_4' title="bbox 78 1193 1404 1298">
     <span class='ocr_line' id='line_1_10' title="bbox 78 1203 1299 1298; baseline 0.002 -31"><span class='ocrx_word' id='word_1_79' title='bbox 78 1247 79 1250; x_wconf 20' lang='grc' dir='ltr'><strong>κ</strong></span> <span class='ocrx_word' id='word_1_80' title='bbox 184 1208 438 1298; x_wconf 73' lang='lat' dir='ltr'>dulgentissime</span> <span class='ocrx_word' id='word_1_81' title='bbox 452 1228 509 1271; x_wconf 92' lang='lat' dir='ltr'>eos</span> <span class='ocrx_word' id='word_1_82' title='bbox 523 1208 643 1272; x_wconf 90' lang='lat' dir='ltr'>tulisse</span> <span class='ocrx_word' id='word_1_83' title='bbox 664 1204 711 1292; x_wconf 81' lang='lat' dir='ltr'>(ci</span> <span class='ocrx_word' id='word_1_84' title='bbox 726 1208 762 1273; x_wconf 80' lang='grc' dir='ltr'>δὲ</span> <span class='ocrx_word' id='word_1_85' title='bbox 776 1245 821 1258; x_wconf 91' lang='grc'>-</span> <span class='ocrx_word' id='word_1_86' title='bbox 834 1205 936 1294; x_wconf 80' lang='grc' dir='ltr'><em>σκεύη</em></span> <span class='ocrx_word' id='word_1_87' title='bbox 952 1203 1095 1289; x_wconf 71' lang='lat' dir='ltr'>dpyrign.</span> <span class='ocrx_word' id='word_1_88' title='bbox 1110 1204 1197 1286; x_wconf 87' lang='lat'><strong>22.):</strong></span> <span class='ocrx_word' id='word_1_89' title='bbox 1226 1205 1299 1268; x_wconf 88' lang='lat' dir='ltr'>cle·</span> 
     </span>
    </p>
   </div>
   <div class='ocr_carea' id='block_1_5' title="bbox 184 1289 1404 1464">
    <p class='ocr_par' dir='ltr' id='par_1_5' title="bbox 184 1289 1404 1464">
     <span class='ocr_line' id='line_1_11' title="bbox 185 1289 1404 1376; baseline 0 -22"><span class='ocrx_word' id='word_1_90' title='bbox 185 1292 426 1357; x_wconf 83' lang='lat' dir='ltr'>montissimnm</span> <span class='ocrx_word' id='word_1_91' title='bbox 441 1293 545 1376; x_wconf 88' lang='lat' dir='ltr'>igitur</span> <span class='ocrx_word' id='word_1_92' title='bbox 557 1289 666 1359; x_wconf 87' lang='lat' dir='ltr'>Deum</span> <span class='ocrx_word' id='word_1_93' title='bbox 681 1315 718 1357; x_wconf 89' lang='lat' dir='ltr'>se</span> <span class='ocrx_word' id='word_1_94' title='bbox 739 1293 857 1358; x_wconf 86' lang='lat' dir='ltr'>invisis</span> <span class='ocrx_word' id='word_1_95' title='bbox 879 1291 1066 1356; x_wconf 90' lang='lat' dir='ltr'>bominibus</span> <span class='ocrx_word' id='word_1_96' title='bbox 1082 1289 1299 1374; x_wconf 78' lang='lat' dir='ltr'>praebuisse:</span> <span class='ocrx_word' id='word_1_97' title='bbox 1403 1349 1404 1354; x_wconf 73' lang='grc'>,</span> 
     </span>
     <span class='ocr_line' id='line_1_12' title="bbox 184 1373 1404 1464; baseline -0.003 -23"><span class='ocrx_word' id='word_1_98' title='bbox 184 1373 235 1442; x_wconf 73' lang='lat' dir='ltr'>l&#39;l.</span> <span class='ocrx_word' id='word_1_99' title='bbox 255 1377 379 1443; x_wconf 89' lang='lat' dir='ltr'>ideirco</span> <span class='ocrx_word' id='word_1_100' title='bbox 400 1377 506 1444; x_wconf 86' lang='lat' dir='ltr'>Deum</span> <span class='ocrx_word' id='word_1_101' title='bbox 522 1379 610 1452; x_wconf 83' lang='lat' dir='ltr'>¹illos</span> <span class='ocrx_word' id='word_1_102' title='bbox 632 1373 783 1446; x_wconf 86' lang='lat' dir='ltr'>homines</span> <span class='ocrx_word' id='word_1_103' title='bbox 797 1377 845 1442; x_wconf 91' lang='lat' dir='ltr'>ad</span> <span class='ocrx_word' id='word_1_104' title='bbox 867 1375 1100 1464; x_wconf 88' lang='lat' dir='ltr'>sempiternam</span> <span class='ocrx_word' id='word_1_105' title='bbox 1117 1375 1299 1460; x_wconf 88' lang='lat' dir='ltr'>perniciem</span> <span class='ocrx_word' id='word_1_106' title='bbox 1325 1385 1329 1398; x_wconf 77' lang='lat'><em>&#39;</em></span> <span class='ocrx_word' id='word_1_107' title='bbox 1363 1427 1365 1429; x_wconf 87' lang='lat'>.</span> <span class='ocrx_word' id='word_1_108' title='bbox 1403 1401 1404 1406; x_wconf 45' lang='lat'>¹</span> 
     </span>
    </p>
   </div>
   <div class='ocr_carea' id='block_1_6' title="bbox 113 1459 1404 1814">
    <p class='ocr_par' dir='ltr' id='par_1_6' title="bbox 113 1459 1404 1814">
     <span class='ocr_line' id='line_1_13' title="bbox 184 1459 1299 1550; baseline -0.001 -26"><span class='ocrx_word' id='word_1_109' title='bbox 184 1465 426 1548; x_wconf 83' lang='lat' dir='ltr'>composuisse,</span> <span class='ocrx_word' id='word_1_110' title='bbox 452 1470 489 1527; x_wconf 90' lang='lat' dir='ltr'>ut</span> <span class='ocrx_word' id='word_1_111' title='bbox 504 1465 732 1530; x_wconf 79' lang='lat' dir='ltr'>manifestaret</span> <span class='ocrx_word' id='word_1_112' title='bbox 753 1469 853 1550; x_wconf 89' lang='lat' dir='ltr'>(qnae</span> <span class='ocrx_word' id='word_1_113' title='bbox 866 1462 1013 1547; x_wconf 87' lang='lat' dir='ltr'>alioquin</span> <span class='ocrx_word' id='word_1_114' title='bbox 1035 1483 1094 1524; x_wconf 90' lang='lat' dir='ltr'>nos</span> <span class='ocrx_word' id='word_1_115' title='bbox 1111 1464 1245 1543; x_wconf 85' lang='lat' dir='ltr'>lateret)</span> <span class='ocrx_word' id='word_1_116' title='bbox 1262 1459 1299 1523; x_wconf 92' lang='lat' dir='ltr'>in</span> 
     </span>
     <span class='ocr_line' id='line_1_14' title="bbox 113 1543 1299 1638; baseline -0.003 -24"><span class='ocrx_word' id='word_1_117' title='bbox 113 1605 117 1614; x_wconf 80' lang='grc'>,</span> <span class='ocrx_word' id='word_1_118' title='bbox 184 1545 317 1612; x_wconf 88' lang='lat' dir='ltr'>dilectis</span> <span class='ocrx_word' id='word_1_119' title='bbox 334 1550 532 1630; x_wconf 89' lang='lat' dir='ltr'>bominibus,</span> <span class='ocrx_word' id='word_1_120' title='bbox 555 1552 639 1638; x_wconf 86' lang='lat' dir='ltr'>qnos</span> <span class='ocrx_word' id='word_1_121' title='bbox 653 1550 694 1614; x_wconf 92' lang='lat' dir='ltr'>ad</span> <span class='ocrx_word' id='word_1_122' title='bbox 710 1556 862 1614; x_wconf 85' lang='lat' dir='ltr'>aeternae</span> <span class='ocrx_word' id='word_1_123' title='bbox 878 1549 964 1612; x_wconf 89' lang='lat' dir='ltr'>vitae</span> <span class='ocrx_word' id='word_1_124' title='bbox 980 1546 1186 1634; x_wconf 85' lang='lat' dir='ltr'>splendorem</span> <span class='ocrx_word' id='word_1_125' title='bbox 1198 1543 1299 1633; x_wconf 88' lang='lat' dir='ltr'>prae-</span> 
     </span>
     <span class='ocr_line' id='line_1_15' title="bbox 184 1631 1299 1718; baseline 0.003 -25"><span class='ocrx_word' id='word_1_126' title='bbox 184 1644 357 1718; x_wconf 83' lang='lat' dir='ltr'>parasset,</span> <span class='ocrx_word' id='word_1_127' title='bbox 382 1635 477 1699; x_wconf 72' lang='lat' dir='ltr'>beatis</span> <span class='ocrx_word' id='word_1_128' title='bbox 495 1633 750 1700; x_wconf 73' lang='lat' dir='ltr'>vititribnendai</span> <span class='ocrx_word' id='word_1_129' title='bbox 770 1657 849 1700; x_wconf 88' lang='lat' dir='ltr'>snae</span> <span class='ocrx_word' id='word_1_130' title='bbox 866 1633 1111 1698; x_wconf 86' lang='lat' dir='ltr'>benevolentiae</span> <span class='ocrx_word' id='word_1_131' title='bbox 1124 1631 1299 1696; x_wconf 89' lang='lat' dir='ltr'>abundan-</span> 
     </span>
     <span class='ocr_line' id='line_1_16' title="bbox 184 1715 1404 1814; baseline 0 -34"><span class='ocrx_word' id='word_1_132' title='bbox 184 1715 283 1786; x_wconf 86' lang='lat' dir='ltr'>tiam:</span> <span class='ocrx_word' id='word_1_133' title='bbox 306 1742 378 1782; x_wconf 90' lang='lat' dir='ltr'>nam</span> <span class='ocrx_word' id='word_1_134' title='bbox 395 1720 562 1786; x_wconf 88' lang='lat' dir='ltr'>centraria</span> <span class='ocrx_word' id='word_1_135' title='bbox 579 1721 787 1787; x_wconf 87' lang='lat' dir='ltr'>econtraniis</span> <span class='ocrx_word' id='word_1_136' title='bbox 801 1720 1049 1800; x_wconf 69' lang='lat' dir='ltr'>elrreeseeretr.</span> <span class='ocrx_word' id='word_1_137' title='bbox 1060 1719 1145 1804; x_wconf 85' lang='lat'>23.):</span> <span class='ocrx_word' id='word_1_138' title='bbox 1167 1718 1300 1800; x_wconf 82' lang='lat' dir='ltr'>repien—</span> <span class='ocrx_word' id='word_1_139' title='bbox 1403 1751 1404 1814; x_wconf 76' lang='lat'><em>}</em></span> 
     </span>
    </p>
   </div>
   <div class='ocr_carea' id='block_1_7' title="bbox 18 1802 1404 1957">
    <p class='ocr_par' dir='ltr' id='par_1_7' title="bbox 18 1802 1404 1957">
     <span class='ocr_line' id='line_1_17' title="bbox 18 1802 1300 1888; baseline -0.002 -21"><span class='ocrx_word' id='word_1_140' title='bbox 18 1827 20 1838; x_wconf 61' lang='lat'>.</span> <span class='ocrx_word' id='word_1_141' title='bbox 59 1841 61 1849; x_wconf 69' lang='lat'>,</span> <span class='ocrx_word' id='word_1_142' title='bbox 183 1808 236 1867; x_wconf 86' lang='lat' dir='ltr'>ter</span> <span class='ocrx_word' id='word_1_143' title='bbox 258 1803 362 1887; x_wconf 78' lang='lat' dir='ltr'>igitur</span> <span class='ocrx_word' id='word_1_144' title='bbox 385 1806 493 1872; x_wconf 89' lang='lat' dir='ltr'>Deum</span> <span class='ocrx_word' id='word_1_145' title='bbox 515 1805 576 1872; x_wconf 92' lang='lat' dir='ltr'>illo</span> <span class='ocrx_word' id='word_1_146' title='bbox 598 1807 737 1872; x_wconf 90' lang='lat' dir='ltr'>consilio</span> <span class='ocrx_word' id='word_1_147' title='bbox 767 1805 850 1870; x_wconf 91' lang='lat' dir='ltr'>inito</span> <span class='ocrx_word' id='word_1_148' title='bbox 881 1804 1096 1888; x_wconf 80' lang='lat' dir='ltr'>benignitatis</span> <span class='ocrx_word' id='word_1_149' title='bbox 1124 1823 1203 1866; x_wconf 90' lang='lat' dir='ltr'>suae</span> <span class='ocrx_word' id='word_1_150' title='bbox 1231 1802 1300 1866; x_wconf 83' lang='lat' dir='ltr'>vim</span> 
     </span>
     <span class='ocr_line' id='line_1_18' title="bbox 161 1884 1404 1957; baseline -0.006 -1"><span class='ocrx_word' id='word_1_151' title='bbox 161 1890 377 1956; x_wconf 70' lang='lat' dir='ltr'>lseveritatis</span> <span class='ocrx_word' id='word_1_152' title='bbox 404 1891 584 1956; x_wconf 89' lang='lat' dir='ltr'>acerbitate</span> <span class='ocrx_word' id='word_1_153' title='bbox 615 1893 780 1957; x_wconf 88' lang='lat' dir='ltr'>illustrem</span> <span class='ocrx_word' id='word_1_154' title='bbox 810 1892 919 1955; x_wconf 89' lang='lat' dir='ltr'>iacere</span> <span class='ocrx_word' id='word_1_155' title='bbox 946 1891 1109 1954; x_wconf 81' lang='lat' dir='ltr'>voluisse:</span> <span class='ocrx_word' id='word_1_156' title='bbox 1138 1884 1209 1953; x_wconf 92' lang='lat' dir='ltr'>lll.</span> <span class='ocrx_word' id='word_1_157' title='bbox 1232 1907 1300 1950; x_wconf 90' lang='lat' dir='ltr'>non</span> <span class='ocrx_word' id='word_1_158' title='bbox 1403 1887 1404 1934; x_wconf 66' lang='lat' dir='ltr'>t</span> 
     </span>
    </p>
   </div>
   <div class='ocr_carea' id='block_1_8' title="bbox 188 1973 1404 2062">
    <p class='ocr_par' dir='ltr' id='par_1_8' title="bbox 188 1973 1404 2062">
     <span class='ocr_line' id='line_1_19' title="bbox 188 1973 1404 2062; baseline 0.001 -27"><span class='ocrx_word' id='word_1_159' title='bbox 188 1975 273 2038; x_wconf 87' lang='lat' dir='ltr'>satis</span> <span class='ocrx_word' id='word_1_160' title='bbox 293 1974 398 2040; x_wconf 87' lang='lat' dir='ltr'>inisse</span> <span class='ocrx_word' id='word_1_161' title='bbox 417 1977 492 2042; x_wconf 88' lang='lat' dir='ltr'>Deo</span> <span class='ocrx_word' id='word_1_162' title='bbox 515 1977 602 2040; x_wconf 89' lang='lat' dir='ltr'>caris</span> <span class='ocrx_word' id='word_1_163' title='bbox 623 1979 810 2041; x_wconf 90' lang='lat' dir='ltr'>bominibus</span> <span class='ocrx_word' id='word_1_164' title='bbox 838 1975 1072 2062; x_wconf 89' lang='lat' dir='ltr'>sempiternam</span> <span class='ocrx_word' id='word_1_165' title='bbox 1101 1973 1298 2036; x_wconf 87' lang='lat' dir='ltr'>felicitatem</span> <span class='ocrx_word' id='word_1_166' title='bbox 1403 2051 1404 2060; x_wconf 8' lang='grc' dir='ltr'>ἵ</span> 
     </span>
    </p>
   </div>
   <div class='ocr_carea' id='block_1_9' title="bbox 188 2058 1300 2232">
    <p class='ocr_par' dir='ltr' id='par_1_9' title="bbox 188 2058 1300 2232">
     <span class='ocr_line' id='line_1_20' title="bbox 188 2058 1300 2144; baseline -0.001 -23"><span class='ocrx_word' id='word_1_167' title='bbox 188 2058 383 2140; x_wconf 85' lang='lat' dir='ltr'>decernere,</span> <span class='ocrx_word' id='word_1_168' title='bbox 410 2063 476 2126; x_wconf 87' lang='lat' dir='ltr'>nisi</span> <span class='ocrx_word' id='word_1_169' title='bbox 498 2061 598 2126; x_wconf 89' lang='lat' dir='ltr'>simul</span> <span class='ocrx_word' id='word_1_170' title='bbox 619 2063 821 2141; x_wconf 82' lang='lat' dir='ltr'>curavisset,</span> <span class='ocrx_word' id='word_1_171' title='bbox 843 2069 887 2126; x_wconf 85' lang='lat' dir='ltr'>ut</span> <span class='ocrx_word' id='word_1_172' title='bbox 902 2061 935 2125; x_wconf 92' lang='lat' dir='ltr'>in</span> <span class='ocrx_word' id='word_1_173' title='bbox 951 2082 1008 2124; x_wconf 90' lang='lat' dir='ltr'>eos</span> <span class='ocrx_word' id='word_1_174' title='bbox 1023 2059 1168 2124; x_wconf 82' lang='lat' dir='ltr'>conferri</span> <span class='ocrx_word' id='word_1_175' title='bbox 1183 2064 1300 2144; x_wconf 87' lang='lat' dir='ltr'>posset</span> 
     </span>
     <span class='ocr_line' id='line_1_21' title="bbox 188 2141 1300 2232; baseline -0.004 -20"><span class='ocrx_word' id='word_1_176' title='bbox 188 2146 302 2227; x_wconf 67' lang='lat' dir='ltr'>(t&#39;.21i.</span> <span class='ocrx_word' id='word_1_177' title='bbox 325 2141 384 2222; x_wconf 75' lang='grc' dir='ltr'>οὕς</span> <span class='ocrx_word' id='word_1_178' title='bbox 404 2149 475 2212; x_wconf 81' lang='grc' dir='ltr'>καὶ</span> <span class='ocrx_word' id='word_1_179' title='bbox 495 2143 694 2212; x_wconf 73' lang='grc' dir='ltr'><strong><em>ἐκάλεσεν</em></strong></span> <span class='ocrx_word' id='word_1_180' title='bbox 715 2141 836 2232; x_wconf 68' lang='lat' dir='ltr'>ripatici:</span> <span class='ocrx_word' id='word_1_181' title='bbox 864 2147 979 2232; x_wconf 88' lang='lat' dir='ltr'>itaque</span> <span class='ocrx_word' id='word_1_182' title='bbox 1003 2145 1109 2210; x_wconf 89' lang='lat' dir='ltr'>Deum</span> <span class='ocrx_word' id='word_1_183' title='bbox 1131 2165 1225 2209; x_wconf 91' lang='lat' dir='ltr'>suam</span> <span class='ocrx_word' id='word_1_184' title='bbox 1245 2142 1300 2207; x_wconf 90' lang='lat' dir='ltr'>di·</span> 
     </span>
    </p>
   </div>
   <div class='ocr_carea' id='block_1_10' title="bbox 186 2225 1404 2316">
    <p class='ocr_par' dir='ltr' id='par_1_10' title="bbox 186 2225 1404 2316">
     <span class='ocr_line' id='line_1_22' title="bbox 186 2225 1404 2316; baseline 0.001 -26"><span class='ocrx_word' id='word_1_185' title='bbox 186 2229 285 2293; x_wconf 90' lang='lat' dir='ltr'>leetis</span> <span class='ocrx_word' id='word_1_186' title='bbox 299 2231 485 2296; x_wconf 88' lang='lat' dir='ltr'>bominibus</span> <span class='ocrx_word' id='word_1_187' title='bbox 502 2225 701 2297; x_wconf 71' lang='lat' dir='ltr'>uoluntatem</span> <span class='ocrx_word' id='word_1_188' title='bbox 716 2253 752 2298; x_wconf 86' lang='lat' dir='ltr'>re</span> <span class='ocrx_word' id='word_1_189' title='bbox 766 2231 954 2297; x_wconf 85' lang='lat' dir='ltr'>ostendisse</span> <span class='ocrx_word' id='word_1_190' title='bbox 968 2253 1074 2316; x_wconf 87' lang='lat' dir='ltr'>neque</span> <span class='ocrx_word' id='word_1_191' title='bbox 1090 2251 1146 2316; x_wconf 82' lang='lat' dir='ltr'>qos</span> <span class='ocrx_word' id='word_1_192' title='bbox 1162 2229 1300 2311; x_wconf 88' lang='lat' dir='ltr'>habere,</span> <span class='ocrx_word' id='word_1_193' title='bbox 1403 2283 1404 2292; x_wconf 70' lang='grc'>,</span> 
     </span>
    </p>
   </div>
   <div class='ocr_carea' id='block_1_11' title="bbox 188 2304 1303 2488">
    <p class='ocr_par' dir='ltr' id='par_1_11' title="bbox 188 2304 1303 2488">
     <span class='ocr_line' id='line_1_23' title="bbox 189 2304 1301 2417; baseline 0 -40"><span class='ocrx_word' id='word_1_194' title='bbox 189 2315 276 2416; x_wconf 81' lang='lat' dir='ltr'>quod</span> <span class='ocrx_word' id='word_1_195' title='bbox 292 2312 331 2416; x_wconf 74' lang='lat' dir='ltr'>de</span> <span class='ocrx_word' id='word_1_196' title='bbox 352 2314 423 2381; x_wconf 90' lang='lat' dir='ltr'>Deo</span> <span class='ocrx_word' id='word_1_197' title='bbox 436 2304 698 2417; x_wconf 83' lang='lat' dir='ltr'>conquerantur:</span> <span class='ocrx_word' id='word_1_198' title='bbox 720 2316 785 2382; x_wconf 87' lang='lat' dir='ltr'>lv.</span> <span class='ocrx_word' id='word_1_199' title='bbox 801 2317 960 2382; x_wconf 84' lang='lat' dir='ltr'>letissime</span> <span class='ocrx_word' id='word_1_200' title='bbox 975 2321 1126 2400; x_wconf 81' lang='lat' dir='ltr'>vagatum</span> <span class='ocrx_word' id='word_1_201' title='bbox 1141 2336 1216 2416; x_wconf 72' lang='lat' dir='ltr'>esse</span> <span class='ocrx_word' id='word_1_202' title='bbox 1231 2313 1301 2378; x_wconf 89' lang='lat' dir='ltr'>Dei</span> 
     </span>
     <span class='ocr_line' id='line_1_24' title="bbox 188 2397 1303 2488; baseline 0 -26"><span class='ocrx_word' id='word_1_203' title='bbox 188 2398 440 2486; x_wconf 76' lang='lat' dir='ltr'>benignitatem,</span> <span class='ocrx_word' id='word_1_204' title='bbox 459 2424 516 2488; x_wconf 87' lang='lat' dir='ltr'>qur</span> <span class='ocrx_word' id='word_1_205' title='bbox 534 2403 684 2466; x_wconf 89' lang='lat' dir='ltr'>homines</span> <span class='ocrx_word' id='word_1_206' title='bbox 698 2401 844 2468; x_wconf 85' lang='lat' dir='ltr'>beandos</span> <span class='ocrx_word' id='word_1_207' title='bbox 858 2402 1034 2466; x_wconf 81' lang='lat' dir='ltr'>noneolnm</span> <span class='ocrx_word' id='word_1_208' title='bbox 1045 2423 1083 2465; x_wconf 87' lang='lat' dir='ltr'>ex</span> <span class='ocrx_word' id='word_1_209' title='bbox 1095 2397 1116 2466; x_wconf 87' lang='lat' dir='ltr'>J</span> <span class='ocrx_word' id='word_1_210' title='bbox 1119 2399 1232 2464; x_wconf 86' lang='lat' dir='ltr'>udaers</span> <span class='ocrx_word' id='word_1_211' title='bbox 1241 2398 1303 2462; x_wconf 87' lang='lat' dir='ltr'>sed</span> 
     </span>
    </p>
   </div>
   <div class='ocr_carea' id='block_1_12' title="bbox 33 2481 1301 2572">
    <p class='ocr_par' dir='ltr' id='par_1_12' title="bbox 33 2481 1301 2580">
     <span class='ocr_line' id='line_1_25' title="bbox 33 2481 1301 2572; baseline -0.003 -20"><span class='ocrx_word' id='word_1_212' title='bbox 33 2519 49 2552; x_wconf 76' lang='grc'>.·</span> <span class='ocrx_word' id='word_1_213' title='bbox 188 2485 288 2549; x_wconf 88' lang='lat' dir='ltr'>etiam</span> <span class='ocrx_word' id='word_1_214' title='bbox 305 2507 323 2550; x_wconf 92' lang='lat' dir='ltr'>e</span> <span class='ocrx_word' id='word_1_215' title='bbox 339 2487 518 2569; x_wconf 82' lang='lat' dir='ltr'>gentilibus</span> <span class='ocrx_word' id='word_1_216' title='bbox 532 2488 723 2572; x_wconf 85' lang='lat' dir='ltr'>collegisset</span> <span class='ocrx_word' id='word_1_217' title='bbox 747 2493 794 2572; x_wconf 79' lang='lat' dir='ltr'>(r.</span> <span class='ocrx_word' id='word_1_218' title='bbox 808 2488 863 2554; x_wconf 85' lang='lat'>24.</span> <span class='ocrx_word' id='word_1_219' title='bbox 880 2481 1036 2564; x_wconf 70' lang='lat' dir='ltr'>eripdani</span> <span class='ocrx_word' id='word_1_220' title='bbox 1052 2525 1092 2536; x_wconf 90' lang='lat'><em>-</em></span> <span class='ocrx_word' id='word_1_221' title='bbox 1110 2483 1147 2562; x_wconf 74' lang='grc' dir='ltr'>ἐξ</span> <span class='ocrx_word' id='word_1_222' title='bbox 1162 2481 1301 2570; x_wconf 52' lang='lat' dir='ltr'>ideam:</span> 
     </span>
    </p>
   </div>
   <div class='ocr_carea' id='block_1_13' title="bbox 90 2568 1404 3432">
    <p class='ocr_par' dir='ltr' id='par_1_13' title="bbox 90 2568 1404 3432">
     <span class='ocr_line' id='line_1_26' title="bbox 189 2568 1303 2659; baseline 0.004 -26"><span class='ocrx_word' id='word_1_223' title='bbox 189 2568 305 2634; x_wconf 88' lang='lat' dir='ltr'>Deum·</span> <span class='ocrx_word' id='word_1_224' title='bbox 323 2571 427 2656; x_wconf 81' lang='lat' dir='ltr'>igitur</span> <span class='ocrx_word' id='word_1_225' title='bbox 451 2572 610 2659; x_wconf 90' lang='lat' dir='ltr'>optimum</span> <span class='ocrx_word' id='word_1_226' title='bbox 626 2594 705 2639; x_wconf 91' lang='lat' dir='ltr'>sane</span> <span class='ocrx_word' id='word_1_227' title='bbox 726 2595 799 2640; x_wconf 89' lang='lat' dir='ltr'>esse</span> <span class='ocrx_word' id='word_1_228' title='bbox 827 2572 983 2656; x_wconf 84' lang='lat' dir='ltr'>intelligi.</span> <span class='ocrx_word' id='word_1_229' title='bbox 1032 2571 1121 2636; x_wconf 85' lang='lat' dir='ltr'>Male</span> <span class='ocrx_word' id='word_1_230' title='bbox 1141 2569 1227 2635; x_wconf 85' lang='lat' dir='ltr'>Win.</span> <span class='ocrx_word' id='word_1_231' title='bbox 1249 2589 1303 2652; x_wconf 82' lang='lat' dir='ltr'>gr.</span> 
     </span>
     <span class='ocr_line' id='line_1_27' title="bbox 189 2655 1304 2746; baseline 0 -26"><span class='ocrx_word' id='word_1_232' title='bbox 189 2675 225 2742; x_wconf 88' lang='lat' dir='ltr'>p.</span> <span class='ocrx_word' id='word_1_233' title='bbox 240 2655 316 2724; x_wconf 76' lang='lat'>495.</span> <span class='ocrx_word' id='word_1_234' title='bbox 338 2678 402 2728; x_wconf 90' lang='lat' dir='ltr'>non</span> <span class='ocrx_word' id='word_1_235' title='bbox 430 2680 514 2746; x_wconf 90' lang='lat' dir='ltr'>opus</span> <span class='ocrx_word' id='word_1_236' title='bbox 541 2681 615 2724; x_wconf 87' lang='lat' dir='ltr'>esse</span> <span class='ocrx_word' id='word_1_237' title='bbox 642 2659 675 2724; x_wconf 91' lang='lat' dir='ltr'>b.</span> <span class='ocrx_word' id='word_1_238' title='bbox 698 2658 722 2726; x_wconf 89' lang='lat' dir='ltr'>l.</span> <span class='ocrx_word' id='word_1_239' title='bbox 761 2658 853 2723; x_wconf 73' lang='lat' dir='ltr'>tanta</span> <span class='ocrx_word' id='word_1_240' title='bbox 895 2659 1079 2723; x_wconf 88' lang='lat' dir='ltr'>sententiae</span> <span class='ocrx_word' id='word_1_241' title='bbox 1107 2656 1304 2742; x_wconf 78' lang='lat' dir='ltr'>asperitate,</span> 
     </span>
     <span class='ocr_line' id='line_1_28' title="bbox 191 2740 1303 2832; baseline 0.001 -30"><span class='ocrx_word' id='word_1_242' title='bbox 191 2742 676 2832; x_wconf 82' lang='lat' dir='ltr'>quantambaeninterpretatio</span> <span class='ocrx_word' id='word_1_243' title='bbox 691 2744 866 2810; x_wconf 87' lang='lat' dir='ltr'>versni23.</span> <span class='ocrx_word' id='word_1_244' title='bbox 880 2743 1040 2823; x_wconf 87' lang='lat' dir='ltr'>includat,</span> <span class='ocrx_word' id='word_1_245' title='bbox 1060 2740 1198 2830; x_wconf 77' lang='lat' dir='ltr'>objecit.</span> <span class='ocrx_word' id='word_1_246' title='bbox 1237 2741 1303 2804; x_wconf 87' lang='lat' dir='ltr'>Mi-</span> 
     </span>
     <span class='ocr_line' id='line_1_29' title="bbox 139 2827 1303 2915; baseline 0.003 -27"><span class='ocrx_word' id='word_1_247' title='bbox 139 2836 141 2843; x_wconf 83' lang='grc'><em>’</em></span> <span class='ocrx_word' id='word_1_248' title='bbox 166 2879 167 2888; x_wconf 73' lang='grc'>,</span> <span class='ocrx_word' id='word_1_249' title='bbox 190 2846 254 2891; x_wconf 91' lang='lat' dir='ltr'>nus</span> <span class='ocrx_word' id='word_1_250' title='bbox 275 2827 362 2892; x_wconf 90' lang='lat' dir='ltr'>enim</span> <span class='ocrx_word' id='word_1_251' title='bbox 383 2829 499 2893; x_wconf 85' lang='lat' dir='ltr'>durum</span> <span class='ocrx_word' id='word_1_252' title='bbox 521 2839 591 2911; x_wconf 90' lang='lat' dir='ltr'>est,</span> <span class='ocrx_word' id='word_1_253' title='bbox 620 2831 729 2895; x_wconf 83' lang='lat' dir='ltr'>Deum</span> <span class='ocrx_word' id='word_1_254' title='bbox 751 2830 876 2894; x_wconf 85' lang='lat' dir='ltr'>invisos</span> <span class='ocrx_word' id='word_1_255' title='bbox 899 2829 1047 2893; x_wconf 89' lang='lat' dir='ltr'>homines</span> <span class='ocrx_word' id='word_1_256' title='bbox 1068 2831 1107 2890; x_wconf 90' lang='lat' dir='ltr'>ad</span> <span class='ocrx_word' id='word_1_257' title='bbox 1127 2827 1303 2915; x_wconf 87' lang='lat' dir='ltr'>sempiter-</span> 
     </span>
     <span class='ocr_line' id='line_1_30' title="bbox 190 2913 1302 3001; baseline 0.002 -27"><span class='ocrx_word' id='word_1_258' title='bbox 190 2931 265 2976; x_wconf 93' lang='lat' dir='ltr'>nam</span> <span class='ocrx_word' id='word_1_259' title='bbox 288 2913 467 3001; x_wconf 84' lang='lat' dir='ltr'>perniciem</span> <span class='ocrx_word' id='word_1_260' title='bbox 489 2915 732 3001; x_wconf 79' lang='lat' dir='ltr'>composuisse,</span> <span class='ocrx_word' id='word_1_261' title='bbox 765 2921 802 2978; x_wconf 91' lang='lat' dir='ltr'>ut</span> <span class='ocrx_word' id='word_1_262' title='bbox 825 2914 942 2978; x_wconf 90' lang='lat' dir='ltr'>borum</span> <span class='ocrx_word' id='word_1_263' title='bbox 964 2915 1068 2978; x_wconf 87' lang='lat' dir='ltr'>exitio</span> <span class='ocrx_word' id='word_1_264' title='bbox 1088 2915 1191 2978; x_wconf 79' lang='lat' dir='ltr'>ditent</span> <span class='ocrx_word' id='word_1_265' title='bbox 1208 2934 1302 2976; x_wconf 76' lang='lat' dir='ltr'>sacrm</span> 
     </span>
     <span class='ocr_line' id='line_1_31' title="bbox 192 2996 1303 3094; baseline 0 -32"><span class='ocrx_word' id='word_1_266' title='bbox 192 2996 358 3083; x_wconf 74' lang='lat' dir='ltr'>deniqui</span> <span class='ocrx_word' id='word_1_267' title='bbox 364 3007 490 3066; x_wconf 87' lang='lat' dir='ltr'>tutem</span> <span class='ocrx_word' id='word_1_268' title='bbox 504 3007 535 3064; x_wconf 87' lang='lat' dir='ltr'>in</span> <span class='ocrx_word' id='word_1_269' title='bbox 550 3023 645 3066; x_wconf 87' lang='lat' dir='ltr'>caros</span> <span class='ocrx_word' id='word_1_270' title='bbox 661 3000 1030 3094; x_wconf 85' lang='lat' dir='ltr'>bomines&#39;maniiestam</span> <span class='ocrx_word' id='word_1_271' title='bbox 1046 2999 1181 3076; x_wconf 79' lang='lat' dir='ltr'>iaceret,</span> <span class='ocrx_word' id='word_1_272' title='bbox 1204 3019 1303 3084; x_wconf 88' lang='lat' dir='ltr'>quam</span> 
     </span>
     <span class='ocr_line' id='line_1_32' title="bbox 193 3083 1385 3171; baseline 0 -25"><span class='ocrx_word' id='word_1_273' title='bbox 193 3083 281 3168; x_wconf 88' lang='lat' dir='ltr'>quod</span> <span class='ocrx_word' id='word_1_274' title='bbox 302 3089 372 3171; x_wconf 87' lang='lat' dir='ltr'>Ap.</span> <span class='ocrx_word' id='word_1_275' title='bbox 396 3107 427 3152; x_wconf 86' lang='lat' dir='ltr'>v.</span> <span class='ocrx_word' id='word_1_276' title='bbox 445 3089 497 3156; x_wconf 79' lang='lat'>1⁷.</span> <span class='ocrx_word' id='word_1_277' title='bbox 513 3095 547 3150; x_wconf 90' lang='lat' dir='ltr'>et</span> <span class='ocrx_word' id='word_1_278' title='bbox 560 3089 615 3154; x_wconf 87' lang='lat'>22.</span> <span class='ocrx_word' id='word_1_279' title='bbox 637 3086 739 3150; x_wconf 86' lang='lat' dir='ltr'>claris</span> <span class='ocrx_word' id='word_1_280' title='bbox 761 3085 872 3152; x_wconf 77' lang='lat' dir='ltr'>verbis</span> <span class='ocrx_word' id='word_1_281' title='bbox 887 3085 1064 3163; x_wconf 85' lang='lat' dir='ltr'>indicarit,</span> <span class='ocrx_word' id='word_1_282' title='bbox 1092 3083 1176 3147; x_wconf 91' lang='lat' dir='ltr'>illud</span> <span class='ocrx_word' id='word_1_283' title='bbox 1194 3083 1304 3147; x_wconf 86' lang='lat' dir='ltr'>Deum</span> <span class='ocrx_word' id='word_1_284' title='bbox 1382 3127 1385 3135; x_wconf 76' lang='lat'>·</span> 
     </span>
     <span class='ocr_line' id='line_1_33' title="bbox 193 3167 1304 3257; baseline -0.001 -25"><span class='ocrx_word' id='word_1_285' title='bbox 193 3168 331 3249; x_wconf 86' lang='lat' dir='ltr'>iecisse,</span> <span class='ocrx_word' id='word_1_286' title='bbox 356 3177 391 3234; x_wconf 89' lang='lat' dir='ltr'>nt</span> <span class='ocrx_word' id='word_1_287' title='bbox 412 3173 643 3252; x_wconf 81' lang='lat' dir='ltr'>potentiam</span> <span class='ocrx_word' id='word_1_288' title='bbox 664 3193 757 3236; x_wconf 88' lang='lat' dir='ltr'>suam</span> <span class='ocrx_word' id='word_1_289' title='bbox 780 3183 815 3234; x_wconf 88' lang='lat' dir='ltr'>et</span> <span class='ocrx_word' id='word_1_290' title='bbox 836 3171 943 3240; x_wconf 82' lang='lat' dir='ltr'>irum</span> <span class='ocrx_word' id='word_1_291' title='bbox 965 3170 1217 3257; x_wconf 90' lang='lat' dir='ltr'>reprobatorum</span> <span class='ocrx_word' id='word_1_292' title='bbox 1245 3167 1304 3232; x_wconf 82' lang='lat' dir='ltr'>bo-</span> 
     </span>
     <span class='ocr_line' id='line_1_34' title="bbox 194 3253 1304 3342; baseline -0.002 -24"><span class='ocrx_word' id='word_1_293' title='bbox 194 3253 316 3318; x_wconf 84' lang='lat' dir='ltr'>minum</span> <span class='ocrx_word' id='word_1_294' title='bbox 346 3253 481 3319; x_wconf 89' lang='lat' dir='ltr'>interitn</span> <span class='ocrx_word' id='word_1_295' title='bbox 511 3255 713 3324; x_wconf 89' lang='lat' dir='ltr'>ostenderet.</span> <span class='ocrx_word' id='word_1_296' title='bbox 765 3255 884 3342; x_wconf 82' lang='lat' dir='ltr'>Neque</span> <span class='ocrx_word' id='word_1_297' title='bbox 910 3277 964 3320; x_wconf 36' lang='lat' dir='ltr'>van</span> <span class='ocrx_word' id='word_1_298' title='bbox 1001 3261 1126 3320; x_wconf 71' lang='lat' dir='ltr'>curere*</span> <span class='ocrx_word' id='word_1_299' title='bbox 1145 3253 1304 3336; x_wconf 82' lang='lat' dir='ltr'>possimus</span> 
     </span>
     <span class='ocr_line' id='line_1_35' title="bbox 90 3337 1404 3432; baseline -0.003 -26"><span class='ocrx_word' id='word_1_300' title='bbox 90 3389 94 3406; x_wconf 90' lang='lat'>.</span> <span class='ocrx_word' id='word_1_301' title='bbox 180 3337 325 3424; x_wconf 71' lang='lat' dir='ltr'>¹aspersi,</span> <span class='ocrx_word' id='word_1_302' title='bbox 348 3360 432 3426; x_wconf 89' lang='lat' dir='ltr'>qnae</span> <span class='ocrx_word' id='word_1_303' title='bbox 448 3341 624 3432; x_wconf 68' lang='lat' dir='ltr'>interpreti</span> <span class='ocrx_word' id='word_1_304' title='bbox 640 3341 836 3430; x_wconf 87' lang='lat' dir='ltr'>displiceat,</span> <span class='ocrx_word' id='word_1_305' title='bbox 858 3341 1022 3406; x_wconf 69' lang='lat' dir='ltr'>sententia</span> <span class='ocrx_word' id='word_1_306' title='bbox 1038 3339 1223 3426; x_wconf 85' lang='lat' dir='ltr'>quaeritur,</span> <span class='ocrx_word' id='word_1_307' title='bbox 1245 3337 1306 3403; x_wconf 91' lang='lat' dir='ltr'>sed</span> <span class='ocrx_word' id='word_1_308' title='bbox 1403 3363 1404 3368; x_wconf 49' lang='lat'>¹</span> 
     </span>
    </p>
   </div>
   <div class='ocr_carea' id='block_1_14' title="bbox 195 3423 1305 3514">
    <p class='ocr_par' dir='ltr' id='par_1_14' title="bbox 195 3421 1404 3514">
     <span class='ocr_line' id='line_1_36' title="bbox 195 3423 1305 3514; baseline 0.001 -28"><span class='ocrx_word' id='word_1_309' title='bbox 195 3424 351 3509; x_wconf 84' lang='lat' dir='ltr'>quidnam</span> <span class='ocrx_word' id='word_1_310' title='bbox 375 3425 602 3512; x_wconf 84' lang='lat' dir='ltr'>praecedentis</span> <span class='ocrx_word' id='word_1_311' title='bbox 619 3426 857 3514; x_wconf 86' lang='lat' dir='ltr'>disputationis</span> <span class='ocrx_word' id='word_1_312' title='bbox 877 3425 1047 3490; x_wconf 89' lang='lat' dir='ltr'>subtilitas</span> <span class='ocrx_word' id='word_1_313' title='bbox 1071 3425 1120 3487; x_wconf 91' lang='lat' dir='ltr'>vel</span> <span class='ocrx_word' id='word_1_314' title='bbox 1144 3426 1233 3487; x_wconf 89' lang='lat' dir='ltr'>ierat</span> <span class='ocrx_word' id='word_1_315' title='bbox 1253 3423 1305 3488; x_wconf 83' lang='lat' dir='ltr'>rel</span> 
     </span>
    </p>
   </div>
   <div class='ocr_carea' id='block_1_15' title="bbox 193 3499 1304 3599">
    <p class='ocr_par' dir='ltr' id='par_1_15' title="bbox 193 3499 1304 3599">
     <span class='ocr_line' id='line_1_37' title="bbox 193 3499 1304 3599; baseline 0.004 -30"><span class='ocrx_word' id='word_1_316' title='bbox 193 3509 293 3572; x_wconf 85' lang='lat' dir='ltr'>etiam</span> <span class='ocrx_word' id='word_1_317' title='bbox 318 3511 476 3596; x_wconf 88' lang='lat' dir='ltr'>postulet.</span> <span class='ocrx_word' id='word_1_318' title='bbox 528 3509 626 3577; x_wconf 85' lang='lat' dir='ltr'>Nibil</span> <span class='ocrx_word' id='word_1_319' title='bbox 646 3511 765 3593; x_wconf 88' lang='lat' dir='ltr'>video,</span> <span class='ocrx_word' id='word_1_320' title='bbox 780 3511 830 3576; x_wconf 54' lang='lat' dir='ltr'>*ob</span> <span class='ocrx_word' id='word_1_321' title='bbox 852 3505 1036 3599; x_wconf 86' lang='lat' dir='ltr'>qnodbano</span> <span class='ocrx_word' id='word_1_322' title='bbox 1051 3499 1304 3599; x_wconf 85' lang='lat' dir='ltr'>explicationem</span> 
     </span>
    </p>
   </div>
   <div class='ocr_carea' id='block_1_16' title="bbox 71 3592 1306 3771">
    <p class='ocr_par' dir='ltr' id='par_1_16' title="bbox 71 3592 1306 3771">
     <span class='ocr_line' id='line_1_38' title="bbox 73 3592 1306 3685; baseline 0.001 -28"><span class='ocrx_word' id='word_1_323' title='bbox 73 3592 77 3603; x_wconf 90' lang='lat'>&#39;</span> <span class='ocrx_word' id='word_1_324' title='bbox 158 3593 289 3680; x_wconf 50' lang='lat' dir='ltr'>„prius</span> <span class='ocrx_word' id='word_1_325' title='bbox 309 3596 458 3681; x_wconf 73' lang='lat' dir='ltr'>expositi</span> <span class='ocrx_word' id='word_1_326' title='bbox 479 3595 678 3666; x_wconf 84' lang='lat' dir='ltr'>deteriorem</span> <span class='ocrx_word' id='word_1_327' title='bbox 701 3605 796 3664; x_wconf 84' lang='lat' dir='ltr'>reete</span> <span class='ocrx_word' id='word_1_328' title='bbox 806 3595 956 3685; x_wconf 81' lang='lat' dir='ltr'>judices,</span> <span class='ocrx_word' id='word_1_329' title='bbox 985 3595 1050 3660; x_wconf 91' lang='lat' dir='ltr'>nisi</span> <span class='ocrx_word' id='word_1_330' title='bbox 1072 3593 1306 3684; x_wconf 14' lang='lat' dir='ltr'>quod-simpli-</span> 
     </span>
     <span class='ocr_line' id='line_1_39' title="bbox 71 3677 1305 3771; baseline -0.001 -28"><span class='ocrx_word' id='word_1_331' title='bbox 71 3719 73 3726; x_wconf 39' lang='grc' dir='ltr'>ν</span> <span class='ocrx_word' id='word_1_332' title='bbox 194 3679 268 3744; x_wconf 85' lang='lat' dir='ltr'>cius</span> <span class='ocrx_word' id='word_1_333' title='bbox 291 3701 322 3752; x_wconf 84' lang='lat' dir='ltr'>v.</span> <span class='ocrx_word' id='word_1_334' title='bbox 344 3701 374 3748; x_wconf 77' lang='lat' dir='ltr'>n.</span> <span class='ocrx_word' id='word_1_335' title='bbox 389 3681 444 3749; x_wconf 77' lang='lat'>23.</span> <span class='ocrx_word' id='word_1_336' title='bbox 469 3684 527 3748; x_wconf 80' lang='grc' dir='ltr'>καὶ</span> <span class='ocrx_word' id='word_1_337' title='bbox 545 3680 600 3747; x_wconf 75' lang='grc' dir='ltr'>ἵνα</span> <span class='ocrx_word' id='word_1_338' title='bbox 613 3677 757 3771; x_wconf 79' lang='grc' dir='ltr'><em>γνωρίσῃ</em></span> <span class='ocrx_word' id='word_1_339' title='bbox 766 3684 814 3746; x_wconf 84' lang='lat' dir='ltr'>&#39;ab</span> <span class='ocrx_word' id='word_1_340' title='bbox 831 3681 962 3766; x_wconf 58' lang='grc' dir='ltr'>ἤνεγκεν</span> <span class='ocrx_word' id='word_1_341' title='bbox 978 3690 1061 3760; x_wconf 64' lang='lat' dir='ltr'>etc„</span> <span class='ocrx_word' id='word_1_342' title='bbox 1090 3701 1187 3766; x_wconf 89' lang='lat' dir='ltr'>qnam</span> <span class='ocrx_word' id='word_1_343' title='bbox 1205 3683 1305 3743; x_wconf 77' lang='lat' dir='ltr'>anor—</span> 
     </span>
    </p>
   </div>
   <div class='ocr_carea' id='block_1_17' title="bbox 119 3759 1404 4456">
    <p class='ocr_par' dir='ltr' id='par_1_17' title="bbox 119 3759 1404 4456">
     <span class='ocr_line' id='line_1_40' title="bbox 194 3759 1404 3934; baseline 0.001 -21"><span class='ocrx_word' id='word_1_344' title='bbox 194 3759 1306 3934; x_wconf 37' lang='lat' dir='ltr'>tttitttti‘tttt‘t“tntilli&#39;ballabitlitt}</span> <span class='ocrx_word' id='word_1_345' title='bbox 1403 3851 1404 3870; x_wconf 22' lang='grc' dir='ltr'><strong><em>κ</em></strong></span> 
     </span>
     <span class='ocr_line' id='line_1_41' title="bbox 195 3873 1307 4028; baseline -0.004 -26"><span class='ocrx_word' id='word_1_346' title='bbox 195 3873 588 4022; x_wconf 65' lang='lat' dir='ltr'>Antipnaedestinetiani’</span> <span class='ocrx_word' id='word_1_347' title='bbox 605 3935 643 4006; x_wconf 86' lang='lat' dir='ltr'>P.</span> <span class='ocrx_word' id='word_1_348' title='bbox 663 3875 761 4003; x_wconf 67' lang='lat' dir='ltr'>derha</span> <span class='ocrx_word' id='word_1_349' title='bbox 785 3874 1122 4028; x_wconf 47' lang='lat' dir='ltr'>perverterunlfnon</span> <span class='ocrx_word' id='word_1_350' title='bbox 1138 3937 1307 4024; x_wconf 87' lang='lat' dir='ltr'>explicue-</span> 
     </span>
     <span class='ocr_line' id='line_1_42' title="bbox 119 4017 1310 4111; baseline -0.005 -22"><span class='ocrx_word' id='word_1_351' title='bbox 119 4085 123 4089; x_wconf 88' lang='lat'>.</span> <span class='ocrx_word' id='word_1_352' title='bbox 153 4027 157 4044; x_wconf 74' lang='lat'><strong><em>¹</em></strong></span> <span class='ocrx_word' id='word_1_353' title='bbox 196 4023 303 4101; x_wconf 73' lang='lat' dir='ltr'>runt),</span> <span class='ocrx_word' id='word_1_354' title='bbox 328 4022 412 4085; x_wconf 91' lang='lat' dir='ltr'>satis</span> <span class='ocrx_word' id='word_1_355' title='bbox 434 4023 606 4088; x_wconf 85' lang='lat' dir='ltr'>subtiliter</span> <span class='ocrx_word' id='word_1_356' title='bbox 628 4023 714 4088; x_wconf 89' lang='lat' dir='ltr'>huno</span> <span class='ocrx_word' id='word_1_357' title='bbox 738 4025 762 4089; x_wconf 90' lang='lat' dir='ltr'>l.</span> <span class='ocrx_word' id='word_1_358' title='bbox 778 4024 990 4111; x_wconf 85' lang='lat' dir='ltr'>interpretati</span> <span class='ocrx_word' id='word_1_359' title='bbox 1015 4030 1104 4087; x_wconf 85' lang='lat' dir='ltr'>sum.</span> <span class='ocrx_word' id='word_1_360' title='bbox 1145 4020 1242 4086; x_wconf 86' lang='lat' dir='ltr'>Beza</span> <span class='ocrx_word' id='word_1_361' title='bbox 1264 4017 1310 4083; x_wconf 90' lang='lat' dir='ltr'>ad</span> 
     </span>
     <span class='ocr_line' id='line_1_43' title="bbox 168 4105 1309 4196; baseline -0.004 -24"><span class='ocrx_word' id='word_1_362' title='bbox 168 4173 171 4188; x_wconf 70' lang='grc'><strong><em>,</em></strong></span> <span class='ocrx_word' id='word_1_363' title='bbox 194 4125 227 4172; x_wconf 87' lang='lat' dir='ltr'>r.</span> <span class='ocrx_word' id='word_1_364' title='bbox 242 4105 315 4180; x_wconf 61' lang='lat' dir='ltr'>Q:</span> <span class='ocrx_word' id='word_1_365' title='bbox 334 4107 452 4186; x_wconf 83' lang='lat' dir='ltr'>„Dicit</span> <span class='ocrx_word' id='word_1_366' title='bbox 464 4137 505 4156; x_wconf 58' lang='lat'>⁴-</span> <span class='ocrx_word' id='word_1_367' title='bbox 518 4106 609 4193; x_wconf 81' lang='lat' dir='ltr'>(P.)‚</span> <span class='ocrx_word' id='word_1_368' title='bbox 631 4129 736 4195; x_wconf 89' lang='lat' dir='ltr'>neque</span> <span class='ocrx_word' id='word_1_369' title='bbox 750 4109 885 4174; x_wconf 82' lang='lat' dir='ltr'>exitium</span> <span class='ocrx_word' id='word_1_370' title='bbox 901 4109 1170 4196; x_wconf 86' lang='lat' dir='ltr'>reprobatorum,</span> <span class='ocrx_word' id='word_1_371' title='bbox 1201 4125 1309 4190; x_wconf 87' lang='lat' dir='ltr'>neque</span> 
     </span>
     <span class='ocr_line' id='line_1_44' title="bbox 196 4192 1311 4278; baseline -0.004 -22"><span class='ocrx_word' id='word_1_372' title='bbox 196 4192 338 4256; x_wconf 87' lang='lat' dir='ltr'>salutem</span> <span class='ocrx_word' id='word_1_373' title='bbox 360 4194 542 4258; x_wconf 85' lang='lat' dir='ltr'>electorum</span> <span class='ocrx_word' id='word_1_374' title='bbox 562 4215 636 4258; x_wconf 89' lang='lat' dir='ltr'>esse</span> <span class='ocrx_word' id='word_1_375' title='bbox 650 4195 803 4258; x_wconf 89' lang='lat' dir='ltr'>ultimum</span> <span class='ocrx_word' id='word_1_376' title='bbox 815 4195 914 4258; x_wconf 85' lang='lat' dir='ltr'>linem</span> <span class='ocrx_word' id='word_1_377' title='bbox 935 4193 1063 4258; x_wconf 84' lang='lat' dir='ltr'>aeterni</span> <span class='ocrx_word' id='word_1_378' title='bbox 1077 4192 1172 4264; x_wconf 90' lang='lat' dir='ltr'>illius</span> <span class='ocrx_word' id='word_1_379' title='bbox 1185 4211 1311 4278; x_wconf 86' lang='lat' dir='ltr'>propo-</span> 
     </span>
     <span class='ocr_line' id='line_1_45' title="bbox 196 4275 1310 4367; baseline -0.004 -25"><span class='ocrx_word' id='word_1_380' title='bbox 196 4275 273 4355; x_wconf 90' lang='lat' dir='ltr'>siti,</span> <span class='ocrx_word' id='word_1_381' title='bbox 302 4277 361 4358; x_wconf 78' lang='lat' dir='ltr'>sed</span> <span class='ocrx_word' id='word_1_382' title='bbox 382 4277 537 4366; x_wconf 87' lang='lat' dir='ltr'>quiddam</span> <span class='ocrx_word' id='word_1_383' title='bbox 559 4281 655 4366; x_wconf 80' lang='lat' dir='ltr'>longe</span> <span class='ocrx_word' id='word_1_384' title='bbox 678 4279 923 4367; x_wconf 87' lang='lat' dir='ltr'>praestantius,</span> <span class='ocrx_word' id='word_1_385' title='bbox 952 4278 1060 4366; x_wconf 87' lang='lat' dir='ltr'>ipsius</span> <span class='ocrx_word' id='word_1_386' title='bbox 1080 4276 1147 4341; x_wconf 86' lang='lat' dir='ltr'>Dei</span> <span class='ocrx_word' id='word_1_387' title='bbox 1167 4277 1310 4359; x_wconf 75' lang='lat' dir='ltr'>pieriam</span> 
     </span>
     <span class='ocr_line' id='line_1_46' title="bbox 195 4361 1404 4456; baseline -0.004 -29"><span class='ocrx_word' id='word_1_388' title='bbox 195 4361 371 4450; x_wconf 76' lang='lat' dir='ltr'>uidelicet,</span> <span class='ocrx_word' id='word_1_389' title='bbox 401 4368 460 4456; x_wconf 90' lang='lat' dir='ltr'>qui</span> <span class='ocrx_word' id='word_1_390' title='bbox 482 4367 574 4433; x_wconf 75' lang='lat' dir='ltr'>suam</span> <span class='ocrx_word' id='word_1_391' title='bbox 594 4374 668 4456; x_wconf 85' lang='lat' dir='ltr'>tum</span> <span class='ocrx_word' id='word_1_392' title='bbox 686 4365 864 4450; x_wconf 85' lang='lat' dir='ltr'>potentium</span> <span class='ocrx_word' id='word_1_393' title='bbox 883 4373 953 4428; x_wconf 85' lang='lat' dir='ltr'>tum</span> <span class='ocrx_word' id='word_1_394' title='bbox 975 4361 1232 4429; x_wconf 83' lang='lat' dir='ltr'>misericordium</span> <span class='ocrx_word' id='word_1_395' title='bbox 1260 4361 1310 4426; x_wconf 89' lang='lat' dir='ltr'>ita</span> <span class='ocrx_word' id='word_1_396' title='bbox 1403 4371 1404 4420; x_wconf 73' lang='lat'>3</span> 
     </span>
    </p>
   </div>
   <div class='ocr_carea' id='block_1_18' title="bbox 0 0 1435 5054">
    <p class='ocr_par' dir='ltr' id='par_1_18' title="bbox 0 0 1435 5054">
     <span class='ocr_line' id='line_1_47' title="bbox 0 0 1435 5054; baseline 0 0"><span class='ocrx_word' id='word_1_397' title='bbox 0 0 1435 5054; x_wconf 95' lang='lat' dir='ltr'> </span> 
     </span>
    </p>
   </div>
  </div>
 </body>
</html>
