2824 5054
172 351 238 430 sts
385 341 668 428 nrlsr'oca'
695 359 776 428 un
798 357 1072 428 nonanes

117 564 120 570 .
170 511 417 592 misericordia,
446 533 520 598 erpo
534 512 634 580 etiem
650 511 790 577 beatitas
803 513 983 593 messiano,
1004 533 1100 600 qcenm
1122 514 1281 586 miseri-

41 663 43 671 .
171 599 313 666 condid
334 589 552 678 adductus,
578 617 640 662 non
668 597 736 680 lepe
757 603 885 663 cocceius
906 597 997 662 Deera
1016 597 1078 665 tibi
1099 596 1280 683 adjudicet,

169 683 325 776 pendet),
347 691 406 747 cut
420 681 440 769 ἡ
455 677 624 767 πρόθεσις
634 678 697 745 τοῦ
712 685 800 748 θεοῦ
815 679 887 748 ἐστι
901 705 919 747 e
934 704 965 751 v.
990 685 1042 751 ll.
1057 683 1280 771 supplendum
1408 735 1409 754 ,

1 824 2 827 ι
168 767 670 855 essctitaquenonabhominc
689 773 865 856 exoptante
888 768 1197 849 autcontendente,
1219 767 1281 834 sed
1408 783 1409 810 ³

159 853 188 920 ‘a
216 854 395 920 miserante
420 852 495 921 Deo
521 853 589 918 Dei
615 851 797 928 consitium
822 853 985 918 hominem
1016 875 1075 941 per
1104 853 1282 921 Christum

136 947 141 968 “
167 939 290 1006 beandi
312 937 461 1027 pendet).
511 936 605 1005 Bezc
626 931 646 1024 ἦ
669 935 788 1022 ἐκλογή
810 935 899 1021 ἐστι,
936 939 1050 1006 rtnm.
1075 940 1100 1007 Ι.
1121 961 1152 1007 c.
1171 961 1207 1027 p.
1221 939 1279 1005 70.

164 1023 204 1090 τὸ
231 1023 379 1111 χάρισμά
404 1021 476 1090 ἔστι
504 1022 652 1111 supplet.
701 1020 868 1088 Neutrum
889 1047 908 1089 c
930 1023 1207 1111 praecedentibus
1227 1027 1279 1092 τὸ.

165 1112 235 1200 peti
248 1118 370 1196 potest.
414 1108 502 1175 Nam
521 1130 553 1178 v.
571 1112 622 1177 ll.
644 1101 665 1192 ἡ
684 1105 753 1171 κατ’
776 1104 914 1196 ἐκλογὴν
935 1104 1105 1193 πρόθεσις
1115 1107 1176 1174 τοῦ
1189 1108 1279 1174 θεοῦ

37 1202 41 1212 ’
166 1217 232 1261 una
248 1195 420 1263 uotioest.
451 1187 549 1260 Εἶναί
562 1193 747 1270 τινοςνεΙοι
761 1193 795 1257 ἰιι
807 1191 949 1278 aiicujus
961 1215 1060 1260 manu
1071 1201 1104 1260 et
1114 1201 1278 1279 potestate

164 1301 250 1364 ease,
280 1295 311 1348 ν’.
330 1278 504 1366 Heindorf.
526 1276 568 1342 ad
586 1275 679 1364 ,Plan
701 1277 805 1362 Gorg.
829 1300 862 1366 p.
876 1278 952 1346 216.
976 1288 1009 1344 et
1025 1278 1100 1348 Liv.
1115 1282 1148 1361 6,
1161 1279 1219 1345 40.
1235 1318 1276 1330 -

163 1389 264 1462 quum
282 1374 421 1453 praeter
441 1363 642 1451 Capitolium
663 1371 763 1466 atquc
777 1383 887 1430 arcem
910 1365 1019 1429 omnia
1034 1366 1111 1429 haec
1127 1365 1289 1466 hostiurm

163 1462 330 1518 erant—.
380 1450 448 1515 Τὸν
468 1448 615 1514 θέλοντα
629 1457 664 1514 et
683 1471 742 1512 τον
759 1447 916 1533 τρέχοντα
932 1449 1094 1514 hominem
1114 1447 1200 1530 diei,
1221 1470 1276 1513 cur
1409 1527 1410 1546 ρ

161 1530 301 1603 δέλειῖιν
319 1533 402 1622 ,νεός
416 1542 618 1622 opponatur,
639 1534 902 1620 sententiamque
918 1533 1013 1622 perdi
1028 1537 1058 1601 si
1071 1535 1157 1600 aaut
1170 1535 1274 1600 etiam

160 1622 203 1687 ad
226 1619 268 1686 ori
285 1621 347 1685 τοῦ
364 1616 526 1701 θέλοντος
544 1613 624 1685 οὐδὲ
643 1617 706 1698 τοῦ
726 1617 901 1704 τρέχοντος
928 1621 1058 1685 referas
1082 1623 1116 1684 in
1139 1619 1275 1710 promt'u

161 1717 213 1772 est
229 1709 274 1792 (v.
289 1705 383 1770 Bcza
396 1712 431 1768 et
449 1685 597 1788 Rueck).
638 1701 757 1792 Inepte
776 1703 966 1788 Tdeoplept„
991 1705 1139 1785 dventu,
1160 1705 1274 1786 Frate,

158 1791 271 1859 liciole.
295 1789 473 1857 atvertus
495 1786 538 1854 oei
553 1787 615 1860 τοῦ
634 1787 793 1866 θέλοντος
815 1786 857 1853 ad
875 1787 1046 1873 isaacum,
1082 1790 1139 1878 qui
1163 1789 1273 1854 Esavo

119 1904 125 1950 χ
158 1881 270 1964 taustp
286 1873 427 1948 ominari
440 1872 575 1940 colerent
589 1873 714 1942 Genesi
728 1875 782 1954 27,
797 1875 850 1954 4.,
872 1881 906 1940 et
923 1875 1093 1940 vocabulis
1115 1869 1196 1942 ὀὐδὲ
1210 1876 1275 1940 roci

157 1962 331 2045 τρέχοντος
351 1958 394 2025 ad
411 1957 578 2039 sEsavum,
612 1959 669 2046 qui
698 1960 750 2024 rel
778 1958 869 2046 patri
896 1971 1020 2025 morem
1048 1966 1206 2041 gesturus
1236 1969 1274 2024 ut

156 2048 261 2113 feram
284 2053 461 2123 =venaretur
479 2064 615 2129 propere
637 2044 816 2110 cucurrerit
837 2044 960 2111 Genea.
974 2049 1029 2124 27,
1042 2046 1092 2124 5.,
1120 2047 1177 2110 vel
1194 2055 1272 2132 post

11 2174 18 2196 .
117 2201 121 2206 ,
155 2131 383 2212 venationem,
403 2136 441 2194 ut
454 2129 550 2195 bonis
565 2129 671 2215 patris
687 2129 774 2208 votis
788 2130 971 2230 pqtiretur,
1000 2133 1127 2196 rtomnrn
1141 2132 1269 2195 trustra

198 2218 383 2300 operantes
401 2215 526 2281 Genes.
540 2214 595 2295 27,
607 2215 682 2295 30.,
707 2235 831 2302 respici
852 2221 1024 2302 putarunt.
1050 2251 1053 2267 ι
1074 2213 1162 2280 Nam
1180 2213 1268 2284 1:1².

153 2239 235 2371 Ni.
257 2322 298 2366 ex
322 2298 426 2365 Exod.
439 2299 493 2380 33,
509 2299 582 2380 19„
609 2319 673 2363 non
694 2319 713 2363 e
738 2299 861 2367 Genes.
881 2322 910 2366 c.
925 2302 981 2369 27.
1003 2309 1269 2384 argumentatur.

152 2385 287 2452 Deinde
302 2383 352 2452 ll.
375 2385 474 2450 Esavi
493 2391 528 2448 et
550 2381 668 2474 Japobi
689 2383 851 2448 historiae
865 2388 938 2452 'non
957 2397 1095 2474 proptor
1113 2383 1267 2452 Isaacicm

136 2471 292 2562 ‘ejusque
317 2469 407 2534 tilios
436 2468 533 2534 ducta
561 2469 648 2546 ratio
669 2475 722 2532 est
748 2489 779 2537 v.
800 2472 998 2551 11.-13.,
1025 2470 1084 2536 sed
1108 2472 1265 2557 quoniam

151 2557 263 2640 μένειν
274 2555 334 2642 τῆν
348 2549 416 2618 κατ’
433 2549 568 2639 ἐκλογὴν
590 2549 759 2637 πρόθεσιν
777 2548 884 2621 αὑτοῦ
904 2557 943 2620 oei
961 2557 1054 2622 Deus
1075 2556 1267 2622 hominibus

151 2641 411 2708 maniiestasset.
455 2637 630 2706 Postremo
646 2635 716 2704 iil.
736 2638 858 2707 Gen'es.
872 2641 926 2720 27,
941 2641 976 2711 5.
992 2651 1026 2706 et
1045 2641 1098 2710 36.
1119 2641 1266 2710 Esavurn

149 2728 352 2794 festinanter
375 2725 565 2790 cucurrisse
590 2724 723 2789 minime
772 2725 969 2814 asscriptum
999 2737 1070 2807 est,
1105 2725 1166 2791 sed
1188 2723 1264 2792 eum

150 2821 305 2880 renatum
335 2811 459 2876 exiisse
485 2822 520 2880 et
548 2810 618 2874 terri
647 2747 809 2875 transdxci
828 2807 962 2877 domum
984 2833 1153 2877 reversum
1174 2834 1263 2880 esse.

149 2896 317 2971 Petuntur
330 2895 442 2963 verbis
461 2894 502 2962 od
523 2903 585 2961 coci
604 2890 767 2970 θέλοντος
782 2889 862 2961 οὐδὲ
875 2897 936 2961 τοῦ
949 2894 1122 2980 τρέχοντος
1135 2899 1266 2981 annet,

148 2979 860 3138 tticititiitiittit‘itti'
874 2982 1264 3134 mittititittc

58 3166 61 3180 ¹
146 3155 209 3220 τοῦ
222 3151 384 3228 θέλοντος
396 3146 567 3217 armona
583 3148 707 3238 respici
719 3086 985 3237 cideiurff'quic
1009 3152 1109 3242 tavit,
1138 3162 1175 3217 ut
1195 3154 1265 3220 sibi

79 3292 83 3296 .
146 3239 296 3304 divinum
308 3253 426 3303 numen
437 3233 642 3327 adspiciendi
654 3257 693 3300 co
719 3235 748 3299 ia
757 3235 854 3301 fieret
863 3173 1033 3318 Exodds,
1042 3237 1108 3307 18..
1130 3235 1263 3327 Nempe
1343 3246 1346 3260 ¹

147 3322 265 3389 θέλειν
278 3323 313 3389 h.
329 3323 355 3390 1.
368 3329 480 3408 optare
491 3328 561 3398 est,
583 3342 647 3386 cnon
660 3255 751 3387 odie.
796 3319 932 3402 Τρέχειν
945 3344 1076 3390 cccrrere
1089 3326 1262 3412 metapho-

140 3409 217 3474 rice
229 3409 313 3474 eires
325 3428 379 3472 me
400 3427 515 3488 nocere
527 3405 702 3484 intendere,
722 3405 815 3470 vaide
828 3406 978 3473 trcdornre
993 3415 1086 3472 notat
1100 3408 1178 3475 Gai.
1187 3410 1261 3490 2,2.

145 3495 179 3574 5,
194 3496 227 3560 7.
248 3428 402 3576 (enred,
420 3492 471 3557 16.
485 3489 612 3573 τρέχειν
635 3489 736 3555 verbo
759 3492 882 3554 κοπιᾶν
901 3493 1107 3580 exponitur).
1150 3493 1260 3560 Meta-

15 3637 18 3645 ,
144 3577 250 3667 phora
264 3597 282 3641 a
298 3575 595 3642 stadiodromorum
610 3575 818 3640 contentione
832 3576 928 3640 ducta
951 3588 1003 3656 est
1025 3577 1135 3644 [Cor.
1152 3581 1184 3660 9,
1201 3581 1258 3646 24.

145 3667 214 3731 26.
255 3661 401 3747 Negavit
421 3663 483 3728 hoo
506 3661 635 3741 disicit„
664 3661 818 3747 quoniam
840 3661 897 3748 qui
920 3671 1008 3726 recte
1023 3663 1167 3728 stadium
1182 3689 1258 3730 cur·

144 3758 199 3816 rat
215 3749 397 3837 praesciam
413 3751 637 3830 consequatur
650 3746 683 3812 h.
698 3753 807 3810 aretem
822 3748 846 3814 1.
861 3747 945 3812 nihii
960 3769 1058 3812 cursu
1081 3750 1167 3813 citici
1185 3755 1256 3840 Ap.

105 3909 108 3916 ¹
144 3837 289 3900 atiirmet
312 3835 332 3898 1
354 3831 431 3903 Cor.
452 3833 485 3911 9,
496 3833 552 3897 24.
576 3830 663 3898 Phil.
684 3831 717 3911 3,
739 3834 804 3896 12..
853 3831 931 3897 Non
952 3834 1109 3916 cogitavit
1131 3833 1176 3902 V.
1197 3837 1257 3917 i).,
1288 3895 1303 3916 ,

63 3929 65 3938 ’
145 3921 230 3986 nihii
252 3920 317 3988 nisi
339 3939 475 4000 nragnae
499 3916 706 3981 contentionis
724 3915 890 3981 notionem
914 3915 1053 3984 Paulum
1073 3919 1126 3984 hio
1148 3933 1255 3987 asta-

143 4004 327 4071 diodromis
346 4003 526 4091 petivisse,
552 4021 614 4065 non
635 4001 810 4087 repetitam
831 4024 849 4065 a
872 4023 991 4068 cursus
1013 4004 1194 4070 certamine
1208 4009 1257 4072 si-

131 4091 363 4156 militudinem
375 4093 601 4172 persequentum
614 4107 700 4152 esse.
734 4085 852 4173 Neque
866 4086 900 4150 id
915 4088 1257 4176 reputavitMeyerns,
1381 4167 1388 4174 ι

144 4178 202 4264 qui
222 4183 336 4239 contra
355 4173 525 4238 Itec'cteinnr
548 4171 723 4258 disputans
748 4193 812 4236 non
835 4174 869 4236 in
897 4173 1057 4240 enarrantis
1084 4184 1254 4262 potestate

43 4316 46 4322 .
143 4245 285 4348 praemii
317 4257 524 4345 adeptionem
550 4278 641 4337 esse,
679 4256 737 4322 sed
765 4279 991 4346 quemcunque
1022 4258 1117 4324 Deus
1153 4283 1252 4348 prae-

120 4391 122 4398 ·
145 4347 244 4414 mium
261 4343 418 4430 consequi
432 4341 593 4420 voluerit,
620 4363 691 4406 cnm
706 4341 754 4408 itn
769 4363 916 4426 currere,
934 4348 971 4408 nt
984 4344 1128 4427 praemio
1143 4348 1253 4428 potin-
