2806 5054
412 381 841 459 car.v111.v0.1..
963 471 968 486 Ι
1130 335 1289 476 α’

68 529 212 646 reaper·
227 553 321 624 οἰκεῖ
333 549 373 624 ἔτι
387 547 479 646 ὑμῖν
485 605 497 639 ,
525 549 546 624 ὃ
563 546 705 652 ἐγείρας
716 546 960 647 τὸκΧριστὸν
975 541 1015 622 ἔκ
1028 545 1171 647 νεκρῶν

21 655 24 662 ’
69 646 284 748 ζωοποιήσει
298 649 419 726 καὶτὰ
435 651 559 752 θνητά
574 648 729 748 σώματα
744 649 853 748 ὑμῶν
869 648 988 726 διὰτὸ
1002 652 1171 728 ἐνοικοῦν

69 755 184 828 αὐτοῦ
197 761 347 850 πνεῦμα
364 755 405 829 ἐν
418 753 521 852 ὑμῖν.

150 896 217 965 Vs.
235 899 253 964 1
268 898 356 966 -4,
386 897 474 966 Vcn.
500 898 669 966 Wazerns
689 898 857 966 enarravit
878 896 974 964 docto
996 917 1169 987 program-

68 990 154 1047 mate
171 981 267 1071 Lips.
284 983 380 1052 1828.
394 981 542 1054 XVM.
566 1022 605 1036 -
648 983 694 1052 V.
719 987 749 1054 1.
772 987 1038 1070 Argumentatnr
1057 985 1127 1073 Ap.
1149 1005 1169 1050 s

67 1069 250 1148 gratiarum
267 1069 395 1134 actione
408 1070 518 1152 7,25.;
539 1069 629 1136 arella
645 1069 745 1156 ipitrrr
766 1091 850 1136 arene
868 1073 1058 1156 (postquam
1072 1071 1168 1136 Deus
1260 1131 1263 1138 .

68 1154 197 1220 Christi
228 1154 328 1242 operti
357 1161 482 1243 pestem
511 1154 650 1218 sustulit
668 1155 781 1236 7,25.)
802 1154 969 1222 clamantia
989 1153 1168 1222 hominibus

67 1237 178 1306 christ.
194 1239 368 1320 irapendet.
412 1241 481 1326 νῦν]
504 1261 570 1306 orn.
584 1238 639 1304 D*
653 1261 704 1320 gr.
716 1239 794 1327 Syr.
805 1241 904 1306 Arm.
914 1239 1030 1318 Aeth.,
1044 1239 1166 1325 Chrys.
1180 1261 1183 1268 ¹

68 1325 187 1406 semel,
222 1323 385 1406 Hieram,
424 1325 588 1391 Victoria.
642 1323 724 1391 Post
752 1319 939 1410 κατάκριμα
966 1335 1093 1412 ponam
1110 1327 1166 1399 76.
1300 1333 1304 1360 ¹

68 1407 188 1494 Chrys.
206 1410 321 1493 (etiam
337 1409 369 1474 in
385 1410 445 1478 Mt.
460 1411 492 1477 3.
507 1411 574 1490 8.),
597 1408 728 1476 Scholia
748 1410 780 1474 in
797 1410 857 1477 Mt.
879 1408 912 1476 d.
933 1431 967 1496 q.
982 1411 1167 1496 Angustia.

68 1494 158 1561 Mill.
182 1493 278 1562 Prol.
300 1498 332 1578 §.
356 1496 450 1564 1286.
473 1497 640 1578 „intrusit
661 1495 825 1626 quispiam
846 1497 918 1570 νῦν,
950 1495 1037 1559 relat
1060 1496 1166 1584 expli·
1288 1517 1296 1534 ‘

68 1599 158 1646 cans.
191 1581 248 1644 νῦν
269 1580 302 1648 h.
321 1601 352 1647 e.
372 1579 680 1663 subcraogelio”!.
713 1579 873 1656 lrnorrin,
904 1579 991 1666 quod
1004 1577 1045 1647 P.
1061 1581 1167 1668 aptis·
1260 1620 1263 1628 ·

12 1718 13 1734 .
69 1662 148 1730 sime
170 1665 366 1746 collocavit,
394 1689 492 1768 quum
515 1666 588 1756 ejus
610 1667 768 1752 aequales
788 1673 822 1731 et
840 1674 966 1754 pestem
988 1687 1006 1729 a
1030 1665 1166 1732 Christo

12 1751 13 1760 ’
70 1756 210 1814 amotam
224 1750 302 1815 olim
319 1759 505 1818 sensissent
518 1761 551 1817 et
567 1753 742 1832 beatitate,
768 1751 862 1840 cujus
876 1749 1031 1816 Christus
1050 1758 1166 1818 auctor
1275 1809 1277 1818 .

12 1901 14 1920 ‚
70 1835 274 1917 exstitisset,
309 1843 386 1901 tunc
408 1838 603 1902 fruerentur
623 1839 710 1920 (7,5.
731 1839 799 1920 6.),
828 1845 905 1922 post
924 1836 1165 1924 Apostolorum

12 1923 14 1978 l
68 1928 250 2008 temporeo
275 1923 442 1988 nonnullis
465 1925 649 2006 neglectum
671 1931 740 2002 est,
767 1933 804 1986 nt
824 1922 857 1986 in
879 1921 1043 1986 sententiat
1067 1941 1170 2004 gene-

12 2023 14 2064 l
69 2006 128 2070 nali
158 2005 376 2094 superfluum.
429 2006 547 2072 Postea
577 2008 634 2094 qni
661 2008 805 2072 reculam
834 2013 1035 2091 revocarunt
1052 2007 1165 2092 inepto

12 2092 13 2160 ἶ
70 2112 135 2156 eam
149 2093 226 2157 loco
241 2098 318 2181 post
333 2089 519 2181 κατάκριμα
536 2102 730 2194 posuerunt.
770 2091 866 2157 Nihil
886 2113 916 2158 v.
937 2088 1032 2154 οὐδὲν
1052 2081 1119 2176 άρα
1137 2113 1166 2157 ν.

12 2189 13 2198 ’
70 2201 95 2240 κ.
109 2200 136 2241 τ.
153 2175 179 2242 ἐ.
197 2181 264 2262 Χρ.
277 2173 311 2240 Ἰ.
325 2177 458 2259 dicunt,
480 2177 546 2241 nisr
561 2178 638 2246 hoc:
665 2178 756 2241 nulla
772 2179 877 2259 igitur
894 2197 979 2239 nnnc
998 2174 1166 2240 damnatio

70 2258 194 2328 chrisa
209 2262 386 2349 discipulis
402 2262 567 2350 impendet
584 2262 616 2330 h.
631 2283 668 2344 c.¹
683 2263 774 2327 nullo
793 2261 846 2326 illi
866 2281 950 2325 rrnnc
971 2269 1066 2349 pacto
1087 2279 1167 2325 con-

70 2345 273 2414 demnantur.
317 2347 383 2414 Sed
399 2347 637 2412 damnationem
653 2345 899 2432 intelligendam
916 2368 1009 2426 esse,
1031 2344 1095 2432 quai
1115 2345 1166 2411 vi-

69 2434 295 2516 taephysleae,
317 2455 379 2518 pon
395 2443 431 2498 ut
446 2435 615 2522 plerisque
637 2433 873 2519 interpretibus
893 2433 997 2496 visum
1019 2440 1090 2512 est,
1116 2430 1165 2496 vi·
1224 2501 1227 2515 ,
1280 2501 1283 2509 ,

70 2527 118 2582 tae
132 2525 287 2598 aeternae
305 2514 459 2584 'acturam
476 2521 597 2600 iacias,
621 2521 691 2608 Ap.
712 2518 893 2605 disputatio
918 2517 1079 2584 ostendit.
1121 2513 1166 2580 ld

70 2604 80 2667 i
103 2625 171 2668 sum
186 2603 277 2666 enim
292 2538 418 2672 Phristi
435 2605 577 2669 alumnis
593 2626 657 2668 nou
680 2601 885 2668 metuendum
908 2624 982 2668 esse
1003 2599 1090 2688 qnod
1104 2600 1165 2682 Ιιι·λ
1191 2643 1194 2654 ·

70 2627 140 2754 dhei
160 2689 288 2752 evitare
309 2713 373 2755 non
394 2692 581 2776 potuerint,
610 2689 643 2755 h.
666 2712 695 2757 e.
717 2699 853 2754 mortem
874 2688 1067 2774 physicam,
1100 2684 1166 2772 qni

71 2773 159 2838 Dens
174 2773 281 2860 poeni
298 2775 427 2862 peccata
444 2775 607 2876 vindicet,
624 2779 694 2882 Ap.
711 2776 743 2841 h.
757 2776 788 2876 ‚¹¹
812 2773 979 2876 alfirrnare
999 2770 1098 2835 debet
1117 2773 1165 2856 (r.
1230 2791 1235 2810 ¹

70 2871 133 2926 not.
148 2861 190 2924 ad
208 2860 303 2939 ⁷,2e
316 2863 436 2944 5,16.).
481 2859 533 2926 Nc
551 2883 626 2946 qrus
639 2860 840 2926 bhrrstranrs
855 2857 1043 2921 conminus
1067 2875 1166 2941 quam

71 2944 205 3013 Indaeis
229 2946 431 3011 moriendum
451 2969 526 3012 esse
547 2945 723 3032 objiceret,
747 2943 785 3011 P.
809 2944 880 3029 ipse
900 2942 1045 3029 providit
1064 2961 1095 3005 v.
1112 2940 1166 3008 1⁰.
1278 2945 1306 3016 ἦ

71 3033 132 3097 11..
177 3028 247 3116 Qui
263 3023 303 3095 τό
316 3025 518 3118 κατάκριμα,
542 3033 629 3117 qnod
646 3051 715 3096 voc.
737 3029 821 3094 nihil
839 3027 905 3092 nisi
926 3025 1165 3092 damnationem

63 3115 233 3196 declarat,
254 3117 307 3180 vel
320 3137 459 3202 poenam
475 3115 697 3182 condemnatis
719 3111 948 3179 sustinendam
969 3111 1002 3177 h.
1022 3113 1055 3177 e.
1077 3129 1164 3174 mor-

13 3215 14 3272 l
71 3211 130 3266 tem
144 3205 347 3285 (aeternamt
370 3204 492 3288 (iret),
516 3203 567 3266 vel
583 3209 749 3288 peccatum
770 3197 977 3263 damnatione
997 3193 1056 3278 (ad
1078 3215 1165 3258 sem-

13 3299 15 3358 f
70 3287 229 3373 piternam
246 3285 799 3372 mortemlvindicandum(Albe'rti
809 3283 922 3350 Gloss.
935 3281 982 3350 N.
991 3279 1034 3346 T.
1048 3301 1082 3368 p.
1092 3279 1166 3345 102.

14 3427 15 3448 ,
71 3373 106 3437 τὸ
124 3367 353 3456 κατακρίσεως
365 3364 473 3455 ἄξιοι)
490 3372 677 3456 significare
693 3369 920 3449 crediderunt,
942 3367 966 3430 ii
981 3387 1059 3430 sane
1075 3385 1168 3451 erra-

14 3531 15 3536 ,
70 3467 156 3523 runt.
201 3457 268 3522 Sed
284 3479 346 3521 non
362 3466 475 3521 notare
491 3453 677 3543 κατάκριμα
696 3457 871 3529 actionem,
901 3453 938 3517 ob
960 3473 1056 3537 ριιιιιιι
1077 3457 1166 3514 recte
1218 3475 1220 3482 ·

71 3541 285 3608 condemneris
311 3541 515 3607 observando
538 3547 586 3625 (v.
608 3543 647 3606 dc
673 3540 823 3623 uertice)
845 3537 1022 3604 Latiarum
1039 3538 1110 3616 (Θο
1132 3536 1167 3615 m

71 3649 129 3696 nnn
151 3631 272 3707 nitate
293 3629 674 3715 aeternaitatem
697 3633 803 3700 tenen.
830 3629 874 3694 tie
894 3627 924 3692 in
940 3623 1010 3703 thr.
1030 3621 1068 3704 ἷξ.
1089 3622 1166 3703 bnt)

71 3734 131 3776 uon
146 3712 302 3793 refellas,
323 3714 398 3800 qni,
420 3713 484 3777 nisi
498 3713 617 3793 fallor,
644 3709 828 3795 κατάκριμα
850 3707 1090 3772 daemnntioncm
1111 3723 1166 3765 re-

72 3799 137 3862 lere
152 3798 287 3861 minime
302 3800 452 3882 negavit,
479 3797 538 3862 sed
552 3819 679 3862 senonem
699 3793 870 3882 expressit·
887 3812 982 3878 quem
1001 3789 1112 3886 rc'rbiq
1131 3788 1167 3850 in

71 3884 131 3948 lac
145 3883 182 3951 P.
199 3883 417 3965 disputatione
430 3883 567 3948 subesse
584 3879 741 3946 credidit:
763 3878 941 3942 indemnati
961 3897 1045 3940 nacae
1066 3874 1167 3957 ipatus·
1254 3953 1257 3960 ¹

71 3969 297 4034 mathomines
311 3968 421 4037 ebriat.
438 3991 492 4056 up.
513 3968 588 4055 quia
613 3966 737 4030 uullnm
760 3970 926 4050 peccatum
946 3959 1154 4024 committunt

73 4051 109 4117 ob
124 4053 211 4140 qnod
226 4053 364 4118 aeterni
380 4064 482 4119 morte
499 4062 585 4118 recte
602 4051 782 4140 puniantur
796 4047 820 4115 i.
839 4069 873 4133 q.
889 4043 1072 4112 Christiani
1088 4059 1165 4128 pec-

71 4139 148 4204 catis
163 4147 298 4219 vacant,
322 4159 407 4225 quae
423 4139 465 4204 iis
485 4138 723 4204 damnationem
745 4131 803 4218 (ad
826 4153 893 4196 sem
922 4132 1059 4196 iterumn
1079 4146 1166 4190 mor·

73 4229 146 4310 tem)
167 4225 326 4292 conflent.
377 4223 450 4290 Imo
468 4224 533 4290 ista
553 4222 690 4288 Lntberi
710 4218 876 4306 expositio
896 4153 956 4281 hoc
973 4214 1092 4313 nititur
1112 4231 1167 4276 er·
1228 4299 1231 4305 Ι

72 4331 157 4391 rore,
180 4310 271 4398 qnod
297 4310 474 4396 Aapnstini
494 4307 632 4392 vestigia
654 4315 876 4394 persequutus
894 4299 1060 4366 consolare
1077 4293 1166 4397 Pau·
1300 4387 1303 4394 .

15 4439 16 4456 .
71 4393 131 4461 lem
146 4419 174 4467 e.
187 4403 222 4466 8.
241 4397 396 4462 homiues
409 4403 562 4477 renatos,
590 4392 667 4481 quia
680 4388 814 4457 tametsi
827 4387 932 4454 adhuc
949 4388 1085 4474 peccent
1103 4401 1167 4446 ιτα

15 4493 16 4504 ’
100 4497 241 4555 mamae
253 4499 309 4570 Ep.
326 4499 358 4552 ad
372 4498 455 4552 Rom.
472 4497 506 4553 P.
519 4496 554 4551 ll.
806 4473 834 4540 F
