2842 5060
387 309 761 440 canusinae.
783 366 824 427 st
846 361 911 430 ro..
1152 365 1197 436 so
1300 340 1302 352 '

89 527 202 586 autem
224 519 346 606 puratei
367 523 572 608 peccatorum
588 519 681 586 venta
702 517 794 584 illam
816 528 951 585 mortem
972 521 1004 588 iu
1021 543 1087 591 sem
1112 523 1192 592 iter-

90 629 163 672 nam
173 606 276 671 vitam
293 605 496 688 convertisse
505 601 545 672 P.
560 610 748 672 constanter
762 605 855 672 docet
868 606 1066 688 5‚12.u,23.
1087 547 1190 678 icor.

93 693 145 773 15,
158 693 215 757 56.
230 713 283 777 sq.
304 689 327 756 2
341 687 432 757 Tim.
449 692 559 772 1,10..
601 687 674 757 Jam
701 713 799 772 ouum
820 692 873 757 lex
893 714 975 762 mos.
989 694 1064 760 Deo
1080 695 1191 760 mode-

92 787 186 842 rante
203 799 244 840 eo
261 776 422 858 valuerit,
454 781 489 840 ut
510 787 640 877 peccata
666 777 781 840 mirum
797 777 829 840 iu
849 776 976 844 modum
991 787 1191 862 augerentur

91 863 123 944 ⁵,
137 863 194 928 20.
214 861 334 941 uate»,
349 863 401 927 19.
413 882 483 946 sq.⁹
505 860 654 925 horinon
665 862 796 1010 potuit,
819 862 896 948 quin
910 884 974 1013 per
988 862 1077 928 illam
1091 862 1190 930 Ditis
1299 895 1301 900 ·

90 945 653 1118 {ratistensemtu:
688 945 1189 1100 ’restrinxere-sni
1233 1037 1236 1041 ·

92 1119 128 1184 h.
143 1119 167 1184 1.
184 1115 354 1182 enuntiare
370 1117 402 1188 iu
419 1116 592 1204 propatulo
607 1123 676 1193 est3
700 1137 771 1184 uu.
788 1118 838 1183 13.
851 1117 906 1186 24.
926 1120 958 1198 8,
976 1121 1048 1186 1.2.
1064 1121 1116 1187 10.
1135 1121 1185 1186 11.

18 1215 20 1260 ι
93 1203 148 1271 13.
172 1225 236 1290 sq..
280 1199 379 1286 Quod
401 1201 496 1266 multi
519 1198 605 1268 haud
627 1201 724 1265 dubie
746 1200 922 1282 uidissent,
951 1204 1021 1270 uisi
1037 1203 1186 1292 ineptum

91 1309 166 1354 esse
181 1293 372 1374 putassent,
399 1287 524 1352 referre
540 1286 750 1373 quidoqueus
766 1285 933 1352 inducitur
951 1289 1055 1373 ipsum
1068 1291 1186 1356 mortis

25 1408 26 1416 κ
90 1369 373 1460 quamvecuiuerit
384 1371 530 1451 rationes
547 1373 714 1440 uti—ll.
725 1371 776 1440 13.
791 1375 836 1456 (r.
845 1371 949 1441 Winz.
964 1395 997 1463 p.
1007 1375 1088 1458 12.).
1110 1375 1188 1442 An-

21 1470 25 1499 ¹
91 1479 205 1524 sonum
227 1457 288 1520 hoc
308 1463 416 1538 esset,
445 1457 476 1524 si
492 1454 529 1528 P.
545 1455 578 1524 h.
592 1456 618 1524 Ι.
638 1478 699 1524 suu
717 1457 785 1522 iata
808 1465 971 1534 narraret.
1014 1461 1066 1526 At
1084 1479 1185 1543 penus

90 1543 282 1622 termarum,
309 1540 405 1631 cuijus
426 1561 599 1630 personam
619 1539 657 1610 P.
676 1541 842 1628 eorrupit,
866 1539 924 1606 tto
942 1544 1101 1628 loquitur.
1138 1541 1184 1619 ld

91 1649 172 1715 quae
189 1627 338 1692 efficiunt
359 1621 524 1712 hominnm
544 1634 670 1712 aetates
685 1649 764 1692 saue
780 1627 965 1707 intereunt,
992 1629 1095 1710 iprum
1117 1649 1183 1694 non

89 1709 242 1779 moritur.
264 1705 268 1714 ’
285 1708 401 1777 Potest
413 1711 519 1799 igitur
534 1711 820 1796 genushumunum
835 1712 933 1778 simul
948 1711 1110 1779 hominnm
1125 1713 1184 1799 qui
1281 1733 1284 1740 ’

89 1805 193 1864 morte
211 1791 358 1868 absumti
378 1793 447 1862 'sint
468 1797 597 1864 natione
617 1796 837 1865 habitassem
853 1805 988 1863 mortem
1007 1797 1182 1885 deplorare

90 1905 118 1950 v.
133 1881 284 1963 9—13.,
310 1880 409 1949 simul
425 1881 458 1944 in
478 1877 626 1948 homines
639 1881 697 1967 qui
718 1903 802 1946 nunc
818 1882 927 1947 vivant
942 1881 1094 1948 intuitum
1111 1881 1182 1971 eju-

87 1969 175 2050 lare,
199 1967 278 2074 quia
295 1964 362 2031 sibi
376 1961 580 2036 moriendum
597 1965 660 2038 sit:
681 1969 728 2050 (v.
737 1965 809 2049 24.)
827 1959 898 2030 sine
912 1967 981 2032 und
996 1988 1181 2053 repugnan-

23 2050 27 2127 ξ
88 2055 146 2122 tid.
194 2052 354 2126 osterum,
372 2051 430 2137 qui
450 2051 508 2118 illa
532 2073 563 2119 x.
589 2051 751 2119 translato
770 2071 868 2114 seusu
891 2051 1122 2116 intellexeruut
1142 2075 1181 2120 ea

89 2135 307 2206 diversimode
324 2142 561 2223 exposuerunt:
588 2135 683 2220 ἔζων]
700 2131 786 2222 felice
803 2157 895 2200 erum
912 2132 1097 2222 ἀπέθανον]
1119 2137 1180 2202 mi·
1297 2193 1300 2198 .

21 2282 22 2296 ,
89 2247 138 2289 ser
159 2244 233 2308 eum
256 2220 402 2288 redditus
421 2219 530 2308 Kopp.
551 2219 696 2289 Boecirei.
720 2221 764 2286 al.
790 2221 796 2304 Ι
821 2218 917 2304 ἔζων]
947 2219 1058 2285 beatae
1078 2243 1180 2302 croire,

108 2329 179 2374 neem
194 2309 381 2388 innocenter
391 2311 423 2371 et
439 2313 526 2374 caete
538 2307 672 2380 viverem
686 2300 871 2390 ἀπέθανον]
895 2312 1059 2384 „mortem
1073 2325 1180 2370 moru-

88 2332 145 2458 iem
165 2389 320 2478 oppetii”
342 2383 441 2456 Semi.
456 2389 579 2464 uuor.
594 2390 639 2457 al.
659 2389 665 2474 Ι
689 2387 785 2474 ἔζων]
806 2386 916 2456 rivere
939 2388 1018 2456 mihi
1037 2389 1179 2460 uidebar.

87 2473 272 2560 initiarer]
297 2482 458 2539 mortuum
481 2495 532 2548 me
553 2487 627 2541 e'sse
649 2475 773 2560 coynoui
794 2476 828 2558 (1
851 2475 927 2540 Cor.
945 2474 978 2555 4,
999 2475 1048 2558 8.)
1069 2474 1179 2558 Auors-

27 2596 30 2605 ν
87 2562 181 2642 stim,
200 2561 315 2640 neza,
336 2558 456 2642 Carpe.
471 2559 516 2626 al.
534 2557 620 2644 quod
638 2567 673 2622 et
686 2559 794 2646 ipsum
808 2559 850 2621 ab
869 2559 946 2624 aliis
959 2561 1058 2624 aliter
1074 2579 1178 2644 expu-

88 2648 188 2714 nitur.
230 2639 405 2736 xo’cve‘ipoea]
432 2645 580 2724 „revicit
598 2643 685 2708 siout
708 2642 851 2725 vixerat,
882 2667 980 2736 quum
1003 2665 1062 2731 per
1081 2641 1178 2712 Ada-

88 2753 170 2798 mum
194 2728 355 2796 intrasset
375 2727 410 2795 in
428 2725 607 2794 mundum'’
627 2729 674 2812 (⁵,
693 2727 762 2810 12.)
781 2727 897 2814 Bene..
926 2731 991 2797 'At
1011 2729 1176 2795 enimuero

88 2813 207 2900 ἆναζῆν
221 2815 255 2882 h.
269 2813 294 2880 l.
309 2813 418 2880 valere
433 2813 548 2903 nequit
567 2813 770 2893 reviviscere,
790 2834 888 2899 quum
906 2815 976 2898 Ap.
989 2811 1177 2898 τὴνἎμαρ-

85 2899 156 2964 τίαν
168 2899 293 2966 nntium
303 2898 457 2985 impetum
472 2897 612 2964 etnitum
625 2896 749 2962 nicilum
761 2893 834 2980 iege
846 2919 929 2966 mos.
946 2897 1084 2962 nondum
1100 2919 1178 2982 pro-

87 2981 230 3069 mulgati
246 2981 402 3048 habuisse
416 3003 446 3050 ν.
461 2982 494 3050 8.
507 2981 680 3071 perspicue
694 2977 899 3050 indicaverit.
942 2979 1013 3047 imo
1030 2979 1178 3066 ἀναζῆν,

86 3081 120 3138 ut
142 3069 351 3134 vernaculum
373 3067 439 3154 uui¹
459 3069 538 3136 {eben
559 3068 667 3130 vivere
692 3063 831 3150 incipere
853 3066 997 3146 denotet.
1049 3065 1176 3153 Nempe

88 3149 144 3220 ἀνά
159 3152 274 3218 verbis
294 3151 518 3242 praepositum
526 3199 536 3232 ,
563 3162 599 3215 ut
618 3159 768 3226 nostrum
782 3153 873 3233 out,
894 3149 1036 3240 eoquod
1053 3163 1176 3216 mutum

87 3263 124 3303 ex
140 3233 292 3304 inferiori
309 3233 381 3304 loco
394 3239 429 3304 in
442 3236 645 3325 superiorem
665 3235 771 3316 luerim
786 3233 859 3302 fieri
875 3234 1020 3301 declarat
1032 3233 1176 3322 (ἀναπη-

86 3319 173 3401 diu,
195 3316 407 3410 'datitiorum
436 3313 668 3403 ἄναθυμιάω),
696 3326 808 3407 aptum
832 3330 900 3398 est,
926 3322 1012 3410 quud
1034 3321 1175 3389 actionis

34 3467 36 3472 .
85 3409 209 3474 initium
225 3406 391 3492 exprimat
404 3416 461 3482 aut
475 3427 542 3472 rem
559 3404 664 3490 primu
678 3404 837 3470 exsistere
852 3405 987 3472 indicet.
1030 3407 1083 3474 cf.
1099 3402 1176 3470 dre-

85 3491 198 3574 steno
210 3487 508 3571 tunuli-218„
530 3483 722 3566 invariato,
743 3485 988 3569 ἄνἀβλαστάνω,
1010 3483 1175 3573 deotpurc,
1206 3559 1209 3564 ,

86 3575 260 3657 deoderico,
288 3569 450 3660 ἆνατρῖζω
469 3577 527 3642 al..
576 3571 686 3659 Quum
705 3572 810 3656 igitur
826 3573 968 3640 Nonnus
987 3577 1176 3659 ambiguum

85 3684 156 3726 esse
171 3661 312 3726 vidisset
327 3659 459 3726 verbum
475 3653 612 3745 ἆναζῆν,
632 3664 668 3721 ut
684 3656 771 3744 quod
786 3667 855 3724 tum
871 3660 1085 3742 reviviscere,
1105 3671 1176 3728 tum
1224 3695 1227 3700 ·

87 3745 192 3812 uixere
204 3744 354 3833 incipere
368 3751 481 3820 notare
494 3754 607 3831 posset
626 3740 803 3817 identidem
822 3735 916 3820 αὖτις
929 3741 1052 3833 decisiv-
1062 3744 1176 3812 revisis

88 3853 171 3898 rcere
191 3829 276 3895 dixit
295 3829 328 3893 iu
351 3827 510 3920 metaphr.
533 3827 592 3896 Ev.
615 3825 711 3908 Ion,
737 3849 771 3914 p.
789 3829 844 3909 48,
867 3829 941 3897 109.
965 3831 1023 3898 red.
1045 3831 1199 3900 Passeris

89 3913 202 3987 Rueck.
226 3911 367 3980 Paulum
382 3923 418 3982 ut
439 3910 597 3998 ἀνέζησεν
613 3913 732 3978 revixit
752 3913 913 3984 scriberet
929 3915 1038 3979 verbis
1055 3937 1086 3982 v.
1101 3913 1134 3979 8.
1147 3937 1176 3993 χ.

90 4023 115 4080 y.
130 3993 237 4083 r.‘Apc.
251 3997 383 4086 -νεκρά
402 3995 574 4067 adductum
591 4017 665 4062 csse
680 3999 845 4089 opinatum.
856 4043 866 4074 -,
887 3997 965 4064 Non
978 4021 1076 4087 posse
1089 3999 1177 4062 euim
1259 4047 1262 4052 .

91 4085 230 4150 homines
259 4093 391 4149 mortua
411 4083 586 4166 negitare,
619 4080 795 4170 nisiquue
821 4084 999 4169 aliquando
1021 4081 1178 4151 vixerint.

91 4167 219 4236 Mortua
237 4167 463 4256 metaphorice
481 4167 546 4232 diei
586 4188 646 4232 uae
659 4167 726 4234 cita
741 4175 798 4234 aut
812 4169 843 4234 oi
856 4171 1091 4248 destituuntur,
1114 4189 1179 4234 non

92 4255 187 4322 solum
203 4275 293 4344 quae
306 4276 326 4317 a
340 4251 409 4318 vitii
424 4188 626 4340 aliquamiiu
639 4250 855 4316 discesserint
866 4261 923 4318 aut
935 4253 999 4316 vim
1014 4275 1106 4318 suam
1118 4253 1180 4318 uli-

90 4340 210 4430 quaudc
223 4338 404 4410 amiserint
417 4338 451 4406 in
465 4339 583 4424 vulgus
593 4341 732 4404 constat
746 4333 834 4424 (Iac.
848 4337 880 4421 2,
896 4340 975 4422 174.
1015 4335 1090 4408 Iam
1108 4358 1181 4428 per·
