2806 5054
211 263 320 396 rso
364 351 369 358 ·
422 277 707 436 rrrsronn
729 287 1105 394 annonarios
1133 281 1136 286 ’

123 487 134 540 “.
151 540 157 547 ,
213 525 324 584 apo„
335 521 451 604 pater,
473 516 520 582 'm’
531 522 656 602 parer,
667 536 749 606 ιρις,
769 483 838 598 ῙΞῙ
866 514 1014 582 exordiri
1035 537 1173 605 eamque
1188 516 1222 583 in
1237 518 1316 596 lon-¹

213 619 365 706 gioribus
387 620 639 772 precationibus
662 642 719 685 saa
781 629 932 710 repetere
952 621 1073 692 Mattb.
1095 625 1156 702 ll,
1182 624 1235 694 25.
1253 626 1303 692 26.

213 707 275 788 26,
312 709 367 775 39.
411 707 444 776 2.
468 704 533 775 Mr.
557 707 618 786 14,
646 707 700 772 36.
752 703 1302 792 us.10‚21.22,42.23,34.

91 849 97 873 ,
211 789 288 860 Joh.
306 795 359 873 ll,
379 793 436 860 42.
468 794 520 873 1⁷,
543 795 574 860 1.
593 791 798 860 11'.24.25..
842 791 900 859 Sic
916 793 991 858 lieri
1006 813 1069 861 non
1085 793 1212 882 potuit,
1231 796 1303 881 quin

212 871 303 960 ἆββᾶ
317 876 505 942 hominihus
520 877 638 944 christ.
651 885 791 960 augusta
809 884 1061 944 etsacrosancta
1071 896 1134 946 vox
1144 877 1303 946 videretur

211 965 417 1050 multumque
438 964 480 1027 ab
501 963 545 1027 iis
569 961 780 1050 inprecibus
798 963 1079 1050 frequentaretur.
1127 961 1193 1030 Sed
1212 983 1303 1051 quun
1365 969 1369 978 ’

211 1048 375 1114 aramaica
391 1069 454 1122 vox
468 1049 630 1112 aramaice
645 1047 772 1131 ignaris
787 1056 827 1113 cn
851 1048 980 1115 licenda
996 1056 1102 1128 esest,
1123 1050 1223 1135 idque
1240 1071 1304 1113 ma-

210 1134 350 1218 gistris,
370 1134 511 1220 quibus,
533 1142 570 1198 ut
587 1131 710 1214 Paulo,
732 1155 804 1199 curn
826 1071 987 1202 barbarae
1007 1134 1217 1223 potissimum
1232 1136 1305 1198 stir-

34 1203 37 1215 ⁴
116 1215 128 1262 ’-
211 1219 265 1308 pis
279 1218 467 1284 hominibus
481 1219 648 1304 negotium
663 1226 770 1300 esset,
792 1241 1019 1306 saepenumero
1032 1218 1215 1284 laciendum
1230 1219 1305 1285 luis-

211 1313 281 1387 set,
302 1304 427 1370 multus
450 1327 531 1370 usus
553 1303 676 1370 sensim
699 1304 889 1391 sensimque
910 1326 951 1371 eo
967 1306 1089 1384 valuit,
1112 1312 1150 1369 ut
1166 1295 1304 1385 ἇββᾶ,ὁ

209 1385 324 1540 mbo
339 1388 505 1492 diocesiis
523 1390 556 1492 in
572 1388 840 1495 consuetudinem
855 1398 1009 1496 reptaret.
1053 1387 1307 1491 ltaquahlaropp

185 1521 189 1526 ’
209 1473 292 1624 lib
307 1471 1235 1647 leitililliti?(lltt’,ll“²ltll⁰llltll⁰lls
1247 1495 1307 1646 'lt'

92 1659 94 1664 ’
209 1644 424 1734 pollutionem
447 1642 536 1728 ἄββᾶ
557 1643 736 1734 ejudaicis
758 1665 892 1730 precum
912 1646 1085 1727 formulis,
1113 1644 1193 1732 quia
1214 1643 1306 1713 Iesus
1334 1712 1335 1718 χ

72 1795 74 1802 ,
208 1750 281 1794 eam
302 1731 508 1813 retinuisset,
530 1731 577 1795 ita
596 1734 630 1795 in
648 1729 912 1798 Christianorum
926 1753 1042 1818 preces
1062 1730 1226 1796 transisse
1239 1751 1308 1796 cen·

132 1840 135 1849 ¹
208 1822 278 1897 set,
301 1822 339 1879 ut
352 1815 505 1880 stabilem
523 1816 634 1880 sedem
646 1825 836 1902 occuparet.
879 1813 932 1882 Ita
949 1837 1047 1903 quum
1062 1815 1187 1882 sensim
1202 1837 1239 1880 ac
1256 1835 1309 1902 pe·

108 1919 110 1926 ’
208 1897 366 1972 detentim
395 1900 684 1986 nominisproprii
712 1909 863 1965 natrrram
886 1899 1069 1984 induisset,
1104 1900 1310 1969 Christianos

207 2006 326 2069 graem
341 1995 515 2074 precantes
531 1987 637 2075 primo
652 1987 849 2050 aromaicam
866 2007 994 2068 rocem,
1016 1993 1054 2052 ut
1074 1986 1219 2055 nominis
1237 2006 1309 2072 pro-

205 2070 275 2158 prii
291 2071 356 2138 rim
371 2069 529 2152 haberet,
549 2073 750 2151 collocasse,
771 2081 841 2136 tum
862 2072 1099 2161 appellativum
1121 2069 1308 2136 vocabulum

209 2150 229 2222 ὃ
243 2150 356 2243 πατήρ
370 2155 550 2236 addidisse,
567 2178 632 2304 quo
642 2154 749 2220 Deum
759 2165 1018 2245 paternoamors
1034 2157 1185 2222 homines
1199 2155 1310 2221 christ.

88 2247 89 2252 ’
207 2241 470 2326 tanquam'filios
495 2263 569 2330 amp
585 2240 650 2305 soti
667 2239 854 2306 indicerent
867 2243 1056 2329 factumque
1070 2243 1215 2329 danique
1230 2261 1310 2322 esse,

207 2332 247 2391 ut
262 2326 306 2390 iis
321 2323 427 2408 ἀββᾶ,
451 2319 469 2389 ὃ
484 2324 598 2411 πατήρ
614 2323 726 2391 dicere
738 2327 898 2391 sollemne
915 2337 1004 2393 esset
1015 2327 1058 2395 V.
1071 2326 1118 2406 D.
1132 2326 1310 2392 existimat.

207 2408 417 2493 ingeniosam
428 2411 473 2479 V.
484 2409 529 2479 l).
544 2407 741 2476 sententiam
751 2421 1078 2496 rectevoces,·veram
1088 2433 1152 2478 non
1163 2411 1310 2478 dixerim.

192 2495 275 2562 vu
299 2497 360 2562 h'oc
380 2495 507 2584 justam
536 2496 757 2585 suspicionem
773 2509 893 2579 movet,
915 2498 1003 2586 quod
1024 2491 1047 2565 ὁΙ
1067 2493 1182 2584 πατήρ
1199 2517 1311 2581 graece

206 2580 294 2647 idern
308 2603 449 2668 prorsus
464 2581 630 2663 declarat,
652 2581 739 2670 quod
754 2602 818 2673 nnn
832 2585 1008 2651 aramaica.
1049 2583 1185 2648 Deinde
1201 2604 1233 2652 a·
1253 2653 1263 2661 ,
1278 2581 1309 2644 in

206 2667 343 2732 nominis
357 2667 483 2752 proprii
498 2673 647 2732 naturam
661 2667 772 2733 abisse
786 2667 877 2736 credi
891 2669 989 2756 plane
1003 2689 1067 2735 non
1076 2676 1201 2756 potest.
1264 2687 1312 2730 om

206 2752 269 2818 hoc
283 2759 380 2838 pacto
403 2753 584 2842 scriptores
601 2751 647 2821 N.
665 2752 708 2819 Τ.
725 2773 806 2843 aaa,
830 2755 1086 2842 appellationem
1102 2753 1196 2835 Deo,
1220 2773 1311 2839 quern

206 2835 391 2904 Christiani
408 2837 462 2927 pie
477 2846 688 2921 venerantur,
704 2837 1313 2926 decoramnonminuslrequentarent,

205 2943 305 3014 quam
314 2921 460 2988 Hebraei
468 2929 565 3014 52³3,
578 2944 693 2989 nomen
710 2925 907 3008 suacgcntis
923 2925 1048 2991 numini
1062 2923 1249 3012 proprium,
1263 2944 1312 2986 ce-

95 3061 98 3066 ,
206 3008 394 3090 lebrarunt,
415 3009 527 3095 ibique
548 3031 646 3095 saepe
661 3019 839 3097 ponerent,
873 3009 931 3076 ubi
953 3004 971 3074 b
990 3004 1074 3086 ’θεός
1099 3013 1319 3098 usurparunt·

206 3089 307 3158 Idem,
317 3093 472 3159 lacerent
488 3091 555 3159 ΡΙ).
569 3095 785 3160 ecclesiastici
795 3116 914 3181 resque
930 3094 1123 3160 hauddubie
1137 3117 1178 3160 eo
1192 3094 1314 3160 valuis-

206 3187 276 3260 set,
300 3187 337 3244 ut
358 3176 542 3246 Christiani
557 3179 710 3243 omnibus
730 3181 936 3268 temporibus
950 3180 1096 3260 annueri
1110 3179 1197 3258 Dei,
1219 3199 1311 3266 quem

206 3263 273 3352 ipsi
287 3264 342 3352 pie
357 3263 517 3345 colerent,
533 3267 826 3352 nomenproprium
836 3287 911 3331 esse
920 3252 1129 3344 statuissent.
1176 3263 1314 3329 Postre-

206 3369 261 3413 mo
283 3349 314 3412 si
338 3368 404 3432 aa}
423 3349 527 3413 multo
549 3370 611 3413 usu
637 3351 780 3415 nominis
799 3345 929 3439 proprii
942 3359 1139 3438 potestatem
1160 3350 1314 3438 adeptum

206 3437 316 3516 esset,
338 3369 524 3501 Cbristiani
537 3454 653 3519 graece
666 3436 842 3522 loquentes
856 3457 941 3501 rrunc
956 3433 1055 3517 ἆββᾶ,
1079 3429 1208 3516 tardo,
1231 3453 1316 3499 nnnc

206 3512 313 3600 ἂββᾶ,
334 3513 361 3584 ,ὁ
383 3513 515 3602 πατήρ,
544 3539 609 3584 non
630 3527 822 3586 constanter
841 3518 947 3603 ἇββᾶ,
977 3516 996 3584 ὃ
1017 3517 1131 3607 πατήρ
1152 3519 1316 3587 dicerent.

206 3603 321 3671 Minus
336 3604 436 3686 etiam
452 3603 600 3670 Boehmii
613 3607 776 3672 sententia
789 3608 910 3696 placet,
927 3606 985 3691 qui
999 3606 1107 3694 patris
1120 3605 1316 3672 vocabulum

158 3763 165 3774 ,
207 3688 374 3772 „notionis
388 3689 599 3754 intendendos
611 3693 723 3770 caueri,
747 3693 920 3778 quasinon
936 3693 1136 3770 satiassem,
1158 3687 1227 3756 und
1245 3698 1317 3755 tsn-

187 3815 189 3822 ›
205 3780 275 3839 tum
291 3774 425 3857 linguai,
445 3773 585 3861 prolenis
599 3777 820 3862 potissimum,
842 3773 951 3842 Deum
963 3783 1094 3863 putrem
1109 3773 1318 3864 appelleri“,

205 3857 411 3947 duplicatum
424 3868 532 3947 putat.
545 3869 547 3872 ’
559 3858 647 3929 Nam
662 3863 761 3928 homo
772 3863 907 3946 elegans
921 3861 1318 3948 proanimicommotione

206 3943 374 4052 optionem
391 3967 464 4049 curm
479 3944 597 4010 affectu
613 3948 796 4012 iteraturus
809 3957 866 4013 aut
881 3944 988 4032 ἇββᾶ,
1012 3941 1111 4027 ἀββᾶ,
1131 3955 1193 4049 eut
1213 3939 1233 4012 ὃ
1248 3967 1319 4010 πα-

206 4029 1321 4205 liatlllllllltlohitalllttztll?tttttltlssl

207 4195 314 4281 ἆββᾶ,
339 4193 357 4265 ὅ
380 4196 513 4287 πατήρ,
535 4202 589 4267 rel
609 4197 760 4280 aanor,
783 4203 882 4273 mein
903 4205 1024 4285 (hott,
1046 4223 1110 4266 non
1130 4199 1323 4290 repetierit,

206 4284 384 4356 nisibeno
397 4283 614 4356 inconcinnus
628 4293 663 4354 ot
675 4287 839 4360 insulsus.
881 4284 1324 4373 Eodemargumsntotlrotia'
