2806 5054
227 350 294 438 'ros
317 359 319 378 ·
382 399 407 425 ·-
438 351 725 440 arrabone
747 365 826 460 au
847 363 1124 480 nouenos

227 527 370 597 veritate
384 546 581 617 persuasum
594 526 661 609 sit,
687 527 833 595 animum
852 527 949 614 valde
969 521 1141 614 recreare,
1171 527 1341 618 probandi

226 615 294 683 vim
309 614 435 680 uullaru
451 612 570 697 babet,
590 614 656 680 uisi
680 613 916 702 explicationis
936 625 1019 682 tuae·
1032 614 1266 704 necessitatem
1286 616 1340 680 iu·

225 700 327 767 vietis
348 699 552 784 argumentis
573 699 733 766 sueinus
745 701 910 790 potueris.
962 699 1013 767 Ut
1033 703 1122 767 enim
1143 702 1179 767 iu
1202 719 1339 788 quoque

225 795 298 852 tum
312 785 432 851 mentis
447 785 603 852 celeritas
615 792 668 874 est
681 797 750 852 tum
764 784 952 870 φαντασίας
968 787 1156 869 mobilitas,
1178 787 1227 853 ita
1240 787 1338 852 nullo

225 869 362 954 negotio
391 891 491 937 unam
518 868 722 952 eandemque
749 890 819 960 rem
841 881 974 958 gestam*
990 871 1339 958 tneiversas‘partes

224 957 333 1024 trabit
347 954 610 1107 interpretando.
654 955 877 1042 Quamobrem
892 981 955 1024 rmn
976 959 1187 1041 mirumst,
1215 957 1339 1022 imbec

102 1059 106 1067 ·
225 1061 350 1128 genere
365 1051 432 1108 eta
449 1042 480 1107 ia
493 1040 574 1106 aliis
590 1061 695 1130 neque
717 1047 775 1108 uui
795 1042 924 1110 cuidam
944 1043 1071 1110 bomini
1095 1041 1338 1136 semperidem
1393 1123 1394 1132 ἵ

222 1131 372 1218 placere.
429 1127 536 1193 Velut
555 1123 681 1210 Paulo,
716 1128 873 1214 quamdiu
901 1130 988 1216 legis
1011 1151 1094 1198 mos.
1114 1128 1339 1195 admiratione

137 1241 140 1248 ·
199 1284 203 1295 ,
224 1221 345 1302 eaptus
358 1213 553 1295 tenebatur,
575 1212 670 1278 Deus
687 1213 861 1280 Peccatum
873 1213 1009 1282 Μοείε
1027 1220 1126 1298 opert
1144 1215 1179 1281 in
1200 1234 1338 1299 corpore
1393 1249 1394 1252 ¹

224 1299 563 1383 suppliciooddiaisee
578 1297 685 1366 videri
706 1299 889 1388 potuisset,
917 1321 1016 1388 quum
1030 1299 1126 1366 Mose
1149 1300 1346 1392 interprete

227 1405 311 1451 usus
325 1392 360 1449 et
378 1383 531 1450 homiues
547 1384 679 1450 nebris*
695 1385 841 1450 facinora
863 1407 964 1458 ausus
984 1385 1069 1452 diris
1089 1383 1280 1452 devovisset
1303 1391 1340 1449 et
1393 1431 1394 1434 ,

58 1451 62 1473 ’
139 1473 142 1479 ’
223 1469 354 1538 atrocia
370 1471 511 1535 'seelera
531 1470 700 1558 *supplicio
718 1470 882 1560 punienda
906 1485 981 1538 esse
1003 1472 1208 1540 declarasset
1227 1469 1340 1538 Deus

120 1560 121 1564 ’
223 1555 281 1637 2⁷,
294 1556 347 1624 15.
367 1577 420 1657 sq.
438 1548 558 1636 '18,19.
579 1578 633 1643 sq.
654 1558 735 1624 Aet.
756 1555 850 1636 3,23.
872 1555 952 1626 Gal.
970 1559 1077 1640 3‚lo..
1098 1594 1143 1608 -·
1188 1555 1340 1622 Dissen-
1393 1551 1394 1556 ’

170 1676 172 1684 s
222 1643 379 1708 tientium
395 1647 616 1728 ruterpretum
639 1641 812 1730 opiniones
831 1663 898 1708 nou
919 1648 972 1710 eet
993 1642 1081 1730 quod
1101 1642 1238 1746 copiosi
1259 1662 1339 1706 ora·
1376 1651 1385 1664 ‘

223 1727 317 1808 tione
330 1747 530 1816 persequer.
572 1725 668 1794 Aliis
681 1727 770 1792 euim
786 1726 926 1812 levitas,
947 1729 1026 1795 aliis
1040 1728 1209 1818 cupidates
1227 1727 1337 1794 obsti·

174 1835 176 1840 ’
222 1813 287 1892 tit,
310 1813 488 1900 quominus
502 1809 602 1900 bujus
617 1813 642 1879 l.
657 1812 856 1880 sententiam
875 1823 1147 1903 assequerentur.
1189 1815 1235 1882 Et
1256 1833 1338 1902 pos-

189 1937 190 1942 *
223 1904 341 1964 sunta
365 1897 483 1984 quovis
505 1897 550 1962 iis
570 1897 713 1976 refutari
736 1917 824 1983 quae
844 1920 945 1988 supra
967 1899 1225 1988 disputavimus.
1278 1899 1336 1964 De

222 1983 437 2065 tibry'aoetomi
461 1980 601 2072 ejusque
627 1981 903 2070 pedissequorum
931 1985 1096 2052 sententia
1113 1985 1185 2076 jam
1207 1983 1334 2050 dietum

222 2075 290 2154 est.
337 2063 423 2133 Item
452 2089 511 2134 eos
538 2089 581 2134 ue
600 2088 620 2131 e
641 2068 825 2156 longinquo
848 2067 982 2156 quidem
1004 2071 1167 2164 Apostoli
1189 2079 1335 2136 mentem

112 2213 113 2221 ,
221 2153 434 2242 percepisse,
487 2153 521 2218 ui
537 2173 576 2218 eo
589 2152 697 2218 Deum
713 2174 774 2218 uos
790 2175 808 2216 a
825 2157 970 2239 ρεσσαίίε
991 2149 1047 2240 (it
1065 2162 1099 2222 et
1120 2165 1227 2223 morte
1248 2155 1336 2220 libe·

143 2299 145 2305 s
218 2259 335 2320 rasse,
365 2236 453 2327 quod
503 2238 644 2306 bristum
665 2240 834 2304 commobear
849 2247 984 2324 peccota
1004 2241 1171 2331 supplicio
1190 2263 1252 2308 suo
1273 2262 1338 2306 ex·
1379 2283 1384 2309 r

219 2322 914 2427 piarejusqissetv.3.(Qbristiobedientia
946 2327 1338 2432 usercense-instituisset,

185 2461 188 2466 ’
220 2407 1250 2593 {tillett?‘ittiattolliminiltlltlt
1270 2433 1336 2561 tl:

136 2605 139 2614 ’
221 2601 300 2648 uere
316 2580 443 2669 opinati
464 2587 560 2660 sunt,
583 2580 698 2668 paullo
715 2589 791 2645 ante
805 2581 992 2646 monuimus
1006 2587 1053 2668 (v.
1069 2583 1194 2664 Culum,
1221 2581 1334 2668 Wblfi,

92 2667 94 2670 ’
221 2664 374 2750 Curram).
421 2663 551 2752 'Itaque
581 2664 808 2734 tautummodo
830 2667 993 2732 nonnulla
1023 2668 1334 2734 remotissimorum

111 2773 116 2782 ’
219 2749 472 2837 'l'beclogorum
492 2761 672 2816 commenta
697 2773 873 2900 apponam.
935 2753 1079 2820 Uetert'ua
1098 2753 1362 2839 (untmicetme.

146 2883 148 2892 ,
220 2856 254 2906 tt.
268 2840 287 2920 [.
302 2856 340 2938 m.
357 2836 483 2938 p3208.
498 2838 592 2938 sqq.)
611 2837 698 2902 bunc
735 2885 746 2907 .
768 2838 816 2902 sie
837 2838 1017 2938 pervertit:
1046 2839 1334 2922 Dei-imitatem,

153 2961 154 2970 ε
220 2922 305 3008 qreod
316 2943 350 2987 en
371 2921 481 2988 antelis
500 2928 636 3006 operatua
656 2924 943 2989 communicuteone
963 2923 1108 2994 cernitur
1128 2925 1202 3077 [[ἰσ]
1212 2969 1222 3000 ,
1247 2923 1333 2988 libe-

192 3017 194 3028 '
218 3007 310 3075 ravit
324 3029 376 3074 me
392 3027 411 3072 a
427 3015 599 3157 potestate
619 3007 746 3074 letiferi
762 3004 923 3076 Peccatus
943 3009 997 3093 (a.
1016 3008 1087 3094 2.).·
1168 3005 1219 3074 em
1242 3007 1333 3096 quod

95 3097 117 3110 “
180 3161 185 3176 ,
218 3093 278 3160 lex
294 3093 427 3162 mosel
449 3113 523 3158 cere
539 3113 604 3158 non
626 3095 738 3181 putuit
759 3093 830 3177 (op.
851 3099 888 3159 ut
906 3093 1048 3168 dominae
1067 3095 1131 3162 eibi
1149 3095 1334 3161 obedientes

135 3187 153 3197 ''
219 3178 387 3246 redderet:
405 3178 497 3262 εἰσ),
517 3177 556 3244 t'n'
566 3183 630 3265 qud
645 3199 681 3242 re
696 3178 769 3263 [εἰσ]
783 3177 915 3243 infirma
927 3186 1002 3246 erat
1015 3187 1149 3266 propter
1164 3179 1240 3264 [εἰσ]
1256 3199 1334 3244 cor..

126 3297 130 3314 ·
246 3285 284 3328 us
296 3262 348 3348 (iu
362 3285 427 3350 quo
442 3268 576 3350 peccata
590 3262 742 3328 babitaut
763 3271 797 3327 et
818 3264 1074 3349 vigesima),
1096 3263 1131 3330 id
1143 3264 1333 3352 fecicum

59 3383 63 3394 ·
215 3284 320 3435 frid,
342 3369 442 3435 quum
459 3348 564 3413 lilium
578 3369 674 3430 suum
690 3350 733 3416 im
759 3348 813 3428 uri
833 3349 986 3437 eorporis
1005 3350 1178 3417 airnulacro
1197 3341 1246 3434 (ἰ)
1264 3351 1333 3414 cir-

218 3433 408 3512 cumdatum
437 3441 473 3499 ut
499 3440 638 3517 patrata
658 3369 757 3500 'aod

218 3519 372 3586 misisset
388 3525 424 3584 et
443 3529 549 3582 morte
571 3521 681 3604 (quae
695 3518 845 3602 legitima
867 3529 1076 3608 peecatorum
1095 3539 1202 3610 pecua
1223 3528 1277 3586 est
1296 3521 1332 3600 5,

218 3605 294 3688 12.)
306 3609 443 3690 peccota
453 3605 487 3671 iu
504 3593 624 3671 obruet
640 3605 716 3690 [εἰσ]
730 3603 868 3690 corpore
882 3610 972 3689 (nam
996 3606 1031 3670 iu
1050 3627 1200 3690 corpore,
1222 3603 1331 3670 demi-

750 3433 907 3500 ominr‘bue
922 3441 1060 3520 peceato
1079 3435 1231 3518 expiaret
1253 3435 1331 3520 [eie]

95 3737 97 3748 i
150 3673 180 3766 ’μ
217 3689 300 3756 uilio
314 3712 394 3772 suo,
416 3697 549 3778 peecata
564 3688 728 3776 punienda
747 3690 853 3755 fuisse
875 3693 1031 3778 apparet)
1048 3692 1184 3779 puniret
1203 3693 1251 3774 (r.
1266 3689 1332 3772 3.),

188 3845 191 3855 f
220 3783 333 3878 utper
345 3794 405 3840 noe
428 3775 518 3862 [εἰσ]
539 3795 659 3875 quoque
682 3775 735 3859 [l]
758 3774 838 3924 lappis
859 3795 937 3842 moe.
957 3777 1134 3860 postulatis
1152 3774 1332 3858 satisfieret

217 3861 316 3950 [erc],
338 3861 396 3946 qui
410 3863 695 3943 (eramusenrmeo
710 3881 776 3946 quo
816 3859 1174 3935 Cbrietusloeonoetro
1188 3869 1330 3926 mortem
1393 3897 1394 3902 κ

66 3965 77 3992 ²
109 3937 112 3944 ’
218 3942 326 4012 subiit
337 3953 373 4010 et
389 3946 456 4032 ipsi
481 3945 621 4026 mertui,
649 3943 814 4032 siquidem
834 3943 932 4010 fidem
956 3945 1092 4013 Christo
1114 3946 1330 4012 babuerimus

164 4041 165 4044 ’
216 4031 336 4099 2Gor.
350 4031 446 4112 5‚14.
462 4032 541 4112 lb.;w
563 4030 731 4108 moriendo
743 4038 853 4096 auteur
876 4031 1007 4119 culpam
1029 4031 1175 4119 peccatis
1195 4039 1331 4096 contra·
1353 4078 1357 4084 ε

78 4111 96 4138 i
218 4124 306 4182 etam
320 4117 445 4182 luimus
463 4115 664 4203 liberalique
684 4115 801 4184 sumus
818 4137 837 4180 a
855 4113 1018 4194 Peccatus
1039 4115 1210 4183 dominatu
1232 4117 1264 4195 5,
1275 4117 1330 4185 12.

217 4203 310 4289 e‚⁷.;
333 4211 369 4268 ot
389 4201 545 4288 quoniam
566 4200 695 4268 Gbristi
715 4201 789 4280 loco
808 4207 924 4282 nostro
948 4202 1071 4267 mortui
1090 4199 1204 4284 'corpere
1223 4201 1330 4268 inter-

219 4287 342 4387 iectum
355 4297 409 4352 est
423 4295 573 4353 nestrum
590 4307 722 4387 quoque
745 4307 868 4374 eorpus
888 4287 1089 4354 exstinctum
1110 4297 1162 4352 est
1181 4288 1331 4387 licetque

190 4415 193 4429 n
219 4371 350 4441 uobrsa
373 4372 525 4464 eorporis
541 4372 724 4459 tyrauurde
742 4372 897 4444 liberatis
916 4373 1018 4444 vitam
1039 4371 1081 4441 ad
1102 4373 1166 4444 dic·
1190 4379 1332 4458 sparetus
