2820 5044
7 385 8 462 3
129 283 279 456 sun.
341 353 347 363 =
412 307 1096 414 nn1sr'osasnnonnnos

198 513 375 590 tulissem,
402 506 529 574 hanni.
546 506 580 572 in
596 503 640 569 iis
655 499 856 586 numeravit,
885 503 944 590 qui
963 503 1208 592 antiquissimis
1229 512 1320 576 tem·

198 599 339 694 poribus
353 615 472 680 graves
486 592 604 680 plagas
619 590 749 677 experti
768 591 936 672 enostris
957 591 1119 656 subsidiis
1138 593 1232 658 refici
1251 617 1315 661 ne·

199 690 344 777 queunt,
366 677 425 746 sed
439 675 629 764 conjectura
643 675 783 740 sanandi
795 679 887 740 sunt.
938 675 1036 740 Duas
1056 675 1162 762 igitur
1182 699 1312 745 mecum

162 807 165 812 ·
198 771 408 862 conjectures
430 760 701 840 communicavit,
735 780 833 825 unam
855 755 958 826 Εἰ.δέ
974 763 1104 844 χάριτι,
1141 757 1255 829 οὐκέτι
1273 763 1315 843 ἐξ

66 857 69 863 ’
197 861 319 946 ἔργων·
352 841 587 935 &pelignique
606 839 720 911 οὐκέτι
738 841 865 929 γίνεται
883 844 998 928 χάρις,
1032 840 1131 924 εἰέξ
1157 848 1328 932 ἔργων·4

198 941 277 1014 inni
291 937 331 1004 τὸ
346 933 443 1024 ἔργον
457 929 530 1018 οὖν
543 929 636 998 tara
650 924 787 1015 χάρις.
806 931 963 998 alteram:
985 926 1028 998 El
1039 928 1208 1018 dextimae,
1224 927 1311 998 οὐκ-

138 1111 140 1116 ,
197 1018 446 1108 ἐτιὲξέργων·
482 1009 1049 1104 ἔπεὶῆκᾶρίέοὐνέτιχάρις,
1080 1013 1310 1102 aiyiea'aus

44 1134 47 1142 ·
196 1113 244 1194 ἐξ
262 1110 409 1196 ἔργων·
448 1100 525 1170 ἐπεὶ
541 1096 580 1166 τὸ
599 1099 697 1186 ἔργον
718 1097 792 1166 asin
813 1096 901 1166 ἔστι
921 1095 1054 1186 χάρις.
1106 1099 1308 1187 ingeniosas

195 1201 259 1267 lias
272 1217 347 1261 esso
360 1187 586 1277 conjecturas,
608 1185 797 1268 elegantes,
813 1192 982 1273 postremo
997 1185 1102 1267 tales,
1119 1209 1201 1274 quae
1216 1189 1308 1274 opti·
1383 1202 1386 1209 “

80 1342 83 1352 .
196 1306 256 1352 mc·
277 1279 464 1346 correlnsam
489 1270 686 1339 sententiam
704 1270 885 1357 praebeant
900 1291 994 1336 nemo
1009 1275 1192 1355 negaverit.
1236 1274 1306 1341 Sed

194 1371 362 1453 vulgatam
378 1361 577 1446 scripturam
592 1356 782 1444 corruptelis
799 1355 947 1421 allectam
963 1378 1038 1422 esse
1061 1358 1141 1422 milri
1164 1381 1307 1446 persua,

194 1454 275 1524 dere
290 1472 356 1518 non
369 1447 464 1536 potui
482 1445 717 1529 nitunturque,
747 1442 814 1506 nisi
834 1441 953 1523 fallar,
987 1440 1064 1506 Viri
1083 1447 1307 1530 praestantis-

46 1619 57 1630 ,
194 1539 273 1611 simi
285 1534 494 1624 conjecturae
508 1549 574 1592 non
597 1526 787 1594 livanissimo
806 1527 1030 1595 fundamento.
1075 1527 1161 1594 Nam
1185 1552 1306 1617 super-

176 1631 341 1694 ·slruclae
357 1624 435 1685 sunt
449 1613 512 1683 cd.
527 1612 568 1680 B.
584 1611 719 1678 lectioni
734 1609 810 1677 duel
826 1612 865 1674 ad
885 1611 981 1696 ἔργον
1003 1609 1112 1680 οὐκέτι
1132 1611 1205 1679 ἐστὶ
1226 1613 1276 1695 χοὶ
1285 1651 1305 1668 ⁴

191 1703 277 1800 ριςζ
301 1726 386 1794 quae
403 1699 484 1766 milri
497 1699 674 1766 verborum
687 1694 763 1762 inei
777 1694 816 1761 τὸ
836 1695 932 1782 ἔργον
954 1691 1066 1762 οὐκέτι
1085 1695 1174 1764 ἐστὶν
1194 1698 1304 1786 ἔργον,

193 1797 316 1885 quibus
336 1786 433 1856 multi
451 1783 569 1852 offensi
587 1791 682 1865 sunt,
720 1783 961 1872 qualiscunque
984 1786 1146 1850 correctio
1172 1787 1307 1852 videtur
1404 1811 1405 1870 ρ

101 1997 104 2004 ·
173 1886 240 1971 ’μ’
254 1878 386 2032 mlllll·
418 1953 721 2041 Argumentationo
736 1973 777 2018 ex
797 1952 860 2036 iis,
889 1972 981 2046 quae·
993 1973 1024 2021 v.
1041 1952 1080 2019 2.
1095 1919 1141 2004 -.
1151 1955 1184 2022 6.
1208 1953 1303 2038 dixit,
1404 1969 1405 1980 ¹

189 2053 226 2122 id
240 2055 313 2140 Ap.
326 2045 476 2122 conficit,
499 2037 587 2128 quod
602 2047 841 2124 consequatur,
868 2047 904 2102 ut
919 2059 983 2124 qao
1001 2039 1074 2104 loco
1095 2059 1150 2103 res
1174 2041 1222 2105 sit
1243 2039 1302 2106 do·

189 2121 1300 2294 ttlndtl{tillidi'⁰03⁰“ritllllltitl‘tn‚tillim

144 2383 146 2392 s
187 2313 295 2378 lectos
324 2242 453 2369 elstane
475 2295 619 2386 jusserit
630 2233 670 2362 Il
690 2231 779 2361 2l-
791 2295 841 2378 6.)
863 2258 1050 2380 scquilcrl’
1070 2233 1197 2382 Nemge
1221 2236 1300 2366 hoel:

188 2410 370 2486 quamnam
386 2381 624 2466 (integritatem
640 2385 674 2444 et
689 2379 925 2466 sempiternom
944 2380 1135 2445 felicitatem
1156 2383 1299 2466 integris

158 2505 160 2508 ·
188 2504 210 2548 a
223 2480 300 2548 Deo
313 2467 570 2549 concedendam)
583 2463 711 2554 appetit
726 2463 954 2532 israelitarum
968 2465 1121 2552 populus,
1141 2485 1214 2530 cam
1233 2489 1299 2534 non

187 2560 413 2650 consequutus
428 2558 480 2622 est
491 2557 612 2640 (nequa
625 2549 834 2616 edim-omncs
848 2545 1026 2614 israelitas
1045 2552 1183 2632 benigne
1201 2552 1299 2618 Dens

134 2669 142 2680 ·
187 2650 332 2734 delegit,
355 2642 414 2710 sed
428 2635 603 2706 admodum
619 2656 742 2723 pancos
764 2654 796 2702 v.
810 2632 878 2716 5.),
900 2633 960 2700 sed
981 2633 1136 2702 delecti
1155 2635 1297 2704 Israeli-

186 2747 244 2810 tae
253 2730 369 2820 adepti
382 2733 478 2794 sunt:
500 2722 603 2789 ceteri
620 2729 729 2786 autem
744 2720 884 2808 (quiippe
896 2719 930 2784 in
954 2717 1084 2786 delectu
1104 2743 1122 2800 a
1140 2719 1217 2787 Deo
1237 2745 1299 2788 ne-

186 2821 305 2912 glecti)
317 2823 526 2882 contumaees
540 2813 574 2890 (a
591 2807 682 2891 Dea)
699 2803 822 2871 redditi
836 2812 931 2887 sunt,
953 2811 989 2870 ut
1011 2815 1106 2870 vetus
1125 2810 1296 2874 oraculum

184 2904 366 3000 praedixit.
413 2897 506 2964 Bene
531 2892 763 2960 Tamannouna:
796 2887 831 2957 τί
854 2879 949 2974 odra]
979 2887 1129 2956 ἐνταῦθα
1148 2887 1297 2958 ὑποστο-

185 2994 298 3062 κτέον·
320 2980 392 3052 κατ’
406 2977 568 3069 ἐρώτησιν,
582 2973 645 3062 γὰρ
658 2977 765 3042 κεῖται
778 2969 851 3040 ἀντὶ
864 2977 940 3042 τοῦ·
962 2972 998 3040 τί
1009 2975 1119 3040 τοίνυν
1135 2975 1230 3042 ἐστὶν·
1243 2975 1297 3044 si-

184 3081 282 3156 πεῖν,·
311 3064 383 3139 elau
404 3067 490 3134 κατὰ
509 3061 691 3147 ἀπόκρισιν
710 3060 753 3126 eni
775 3054 894 3127 loanni.
945 3057 1196 3129 MaleLoclnn
1218 3071 1297 3150 post

183 3161 287 3232 naiso
303 3155 363 3226 οὐκ
376 3152 534 3231 ἐπέτυχεν
546 3144 808 3237 percontationis
831 3145 962 3230 signum
982 3145 1109 3233 posuit.
1151 3145 1230 3212 Non
1252 3171 1297 3214 an

182 3247 418 3318 israelitarum
433 3235 580 3325 populus
601 3253 671 3298 rem
690 3229 913 3296 desideratam
936 3251 1001 3299 non
1021 3251 1097 3299 asse
1123 3242 1226 3298 uutns
1249 3235 1297 3298 sit

182 3333 228 3405 P.
241 3335 276 3400 ln.
290 3332 315 3399 l.
330 3328 526 3406 interrogat,
539 3327 576 3384 ut
588 3339 672 3398 rena,
684 3316 729 3384 de
739 3313 803 3405 quei
820 3314 1086 3402 interrogaverit,
1100 3253 1225 3385 deinde
1238 3331 1299 3385 aut

182 3418 357 3488 confirmet
370 3417 429 3475 aut
442 3406 542 3473 tollat
555 3407 601 3489 (v.
616 3399 646 3486 Ι,
659 3401 768 3485 172.),
781 3399 838 3467 sed
854 3422 968 3467 omnes
979 3403 1167 3490 promiscue
1181 3401 1298 3470 lsrae-

99 3521 104 3532 ’
181 3506 264 3572 litas
278 3499 374 3588 cujus
388 3512 505 3576 magno
522 3483 690 3556 desiderio
698 3489 892 3553 tenerentur
907 3507 977 3553 rem
988 3507 1050 3552 non
1060 3485 1296 3576 adeptosesse',

84 3633 94 3647 ,
182 3589 331 3658 delectos
343 3579 521 3648 israelitas
536 3597 634 3656 conse
661 3582 758 3640 uutos
771 3593 849 3640 ,esse
864 3593 906 3636 ex
921 3572 1109 3638 antedictis
1132 3577 1296 3662 consequi

181 3678 316 3752 mouet„
357 3663 478 3734 lincol}
506 3667 541 3726 ct
563 3597 757 3742 Koellncrua
785 3658 1009 3744 Apostolum,
1044 3666 1081 3722 ut
1106 3660 1296 3746 corrigeret

251 3756 357 3837 dam.
378 3753 430 3820 15.
445 3770 499 3835 sq.
520 3745 576 3814 30.
589 3767 642 3832 sq.
662 3743 787 3810 nulium
808 3741 1005 3810 israelitam
1020 3742 1088 3808 voti
1109 3753 1294 3832 compotem

178 3781 304 3914 mum
318 3859 393 3908 esse
408 3831 654 3911 contendisset,
675 3825 842 3894 messallae
855 3825 1030 3894 israelitas
1044 3827 1236 3896 desiderati
1255 3853 1293 3896 re
1393 3825 1397 3835 “

178 3931 308 4022 potitos
329 3943 404 3992 esso
427 3920 461 3986 la.
479 3920 504 3986 1.
524 3913 729 3990 concessisse
751 3911 903 3982 eredunt.
922 3943 940 3964 υ
954 3912 1006 3980 At
1023 3933 1125 4002 snpra
1147 3937 1293 4002 qunque,

179 4037 281 4104 quum
294 4007 353 4080 τὸν
368 4000 500 4092 Ἰσραὴλ
521 4000 562 4066 nd
581 3997 682 4081 νόμον
705 3993 918 4084 δικαιοσύνης
937 4003 1131 4085 parvenisse
1153 4009 1294 4085 negaret

178 4101 294 4186 e,31.‚
321 4093 493 4162 maximam
508 4086 741 4152 israelitarum
763 4089 907 4170 partem,
936 4105 1000 4148 non
1021 4105 1134 4150 omnes
1155 4089 1292 4152 omnino

177 4185 356 4254 Israelitas
375 4180 447 4264 Ap.
469 4171 579 4252 dixit,
607 4171 650 4237 cl.
671 4169 765 4250 e,23„
786 4168 855 4236 24..
907 4166 1074 4270 Opinione
1095 4170 1215 4258 lapsus
1238 4178 1293 4238 est

178 4271 269 4339 Van.
289 4265 461 4341 meana,
490 4279 589 4345 quum
611 4253 1045 4338 interrogationis'srgnum
1069 4268 1146 4340 post
1167 4253 1203 4320 τί
1233 4250 1312 4322 οὖν·

178 4355 347 4427 subhtum
363 4366 449 4440 pone
464 4365 496 4418 v.
508 4343 610 4414 naiso
623 4333 684 4409 aaa
696 4337 851 4422 ἐπέτυχεν
865 4337 1037 4430 rejiceret,
1059 4339 1217 4427 quoniam
1231 4361 1294 4406 eur

1236 4447 1297 4496 80·
