2814 5056
166 375 245 462 ,τνν
390 315 1080 445 ἐοεεεοιοεοεουοοοε

178 535 279 602 etiam
292 532 450 625 nosipsi,
481 533 678 624 quamquam
692 529 759 603 div.
775 532 916 622 spiritus
929 533 1096 622 primitias
1114 531 1293 616 hebernum

179 627 216 687 ot
233 617 299 710 ip'si
315 623 402 687 inter
418 642 478 686 nos
499 625 543 708 [s.
568 622 677 700 intus,
703 619 739 685 in
760 619 882 685 animis
905 620 1030 686 nostris
1049 620 1093 688 cl.
1110 613 1216 770 Syrss
1228 641 1288 704 ge·-

179 707 316 790 mimus)
329 729 401 772 oum
416 703 551 789 Μεμενο
566 705 621 787 ll),
649 707 715 772 nisi
730 705 814 770 hanc
834 726 899 794 quo
925 727 965 772 ue
988 727 1006 770 e
1026 705 1168 771 lectione
1219 705 1288 772 ,tt

178 791 223 860 G.
240 793 298 878 [cl.
318 793 418 856 etiarn
435 792 653 857 Ambrosium
676 800 710 856 et
723 793 847 942 Ami
865 727 952 854 ‹il-‘id
971 791 1043 856 καὶ
1062 783 1182 876 ἡμεῖς
1201 783 1289 854 αὐ-

176 879 246 943 τοὶ
258 875 318 961 τὴν
331 873 485 964 άνταρχὴν
500 899 530 942 τ.
546 899 600 940 πυ.
614 875 661 956 ἔχ.
684 870 818 942 αὐτοὶ.
855 899 872 938 ν
893 868 1068 953 ἑαυτοῖς
1088 870 1290 954 στενάζομεν

174 969 365 1050 corruptam
387 983 462 1026 esso
482 961 722 1030 existimarem.
779 958 909 1046 Nempe
924 969 1037 1046 'quum
1065 957 1178 1049 paullo
1205 964 1287 1046 post

175 1048 245 1112 καῖ
259 1050 380 1133 ημεῖς
395 1043 517 1112 αὐτοὶ
538 1047 571 1110 ῖο
588 1046 700 1122 eadem
716 1047 903 1127 sententiat,
931 1045 965 1110 in
1012 1045 1053 1132 τά
1073 1045 1208 1110 verbum
1230 1065 1286 1108 es·

126 1137 131 1145 “
177 1139 231 1198 set
245 1127 512 1213 στενάζομεν,
531 1126 630 1198 αὐτοί
642 1131 843 1198 exarandum
860 1139 962 1211 esset,
976 1131 1002 1196 li
1027 1130 1110 1195 rarii
1126 1128 1217 1194 lucili
1229 1150 1288 1204 er·

174 1237 253 1283 rore
273 1238 359 1284 nuuc
380 1238 442 1306 pro
465 1213 563 1282 odoni
584 1217 792 1305 scripserunt
810 1219 880 1282 καὶ
900 1211 1041 1292 αὐτοὶ,
1058 1216 1141 1282 ’καὶ
1162 1213 1288 1302 ἡμεῖς

176 1300 320 1378 αὐτοὶ,
349 1291 637 1390 ipsis-odaei,
674 1323 761 1368 nunc
790 1307 849 1367 aut
876 1302 1060 1367 omiserunt
1090 1296 1184 1387 ἡμεῖς
1206 1305 1286 1389 post
1315 1370 1321 1376 ‚

174 1383 263 1452 ἀλλὰ
276 1387 333 1453 καὶ
346 1395 383 1452 ut
397 1387 441 1454 ad
455 1387 651 1452 sententiam
666 1409 730 1452 non
745 1385 968 1452 necessarium
990 1386 1049 1466 (cl.
1070 1380 1287 1467 στενάζομεν)

161 1478 235 1538 aut
249 1474 333 1537 male
347 1473 506 1537 omissum
524 1473 637 1561 inepto
646 1472 723 1538 ,loco
738 1474 977 1562 suppleverunt
990 1471 1105 1555 (ete
1115 1469 1181 1555 (1.),
1197 1490 1288 1532 nuno

174 1559 284 1646 ipsum
300 1578 433 1650 quoque
448 1555 546 1623 αὐτοὶ
566 1568 643 1623 ante
664 1556 699 1623 ἐν
720 1552 852 1634 ἑαυτοῖς
872 1557 1188 1646 praetermiserunt,
1216 1575 1296 1642 qao·

174 1644 327 1726 neglecto
350 1643 480 1727 integra
500 1651 648 1708 maneret
669 1642 849 1710 sententia.
900 1639 1074 1708 Postremo
1097 1635 1130 1707 oi
1149 1648 1208 1705 aut
1229 1660 1286 1703 er-

146 1746 148 1752 ’
172 1750 232 1796 ror
246 1727 378 1822 peperit
393 1732 471 1819 post
485 1723 619 1810 αὗταί,
646 1737 704 1797 aut
719 1730 804 1792 mala
825 1736 1068 1807 correctorum,
1099 1726 1156 1812 qni
1177 1726 1285 1790 homi*

171 1835 250 1882 num
266 1813 383 1879 christ.
422 1812 589 1900 eriphrasi
604 1833 688 1915 opus
700 1835 774 1878 esse
790 1812 1031 1906 judicasscots
1047 1811 1211 1876 industria
1231 1811 1300 1874 inae

172 1899 274 1968 vexit.
318 1835 483 1964 Nihiiest
497 1908 606 1964 autem
622 1898 700 1979 ollis,
728 1919 826 1985 qnam
847 1906 961 1980 tueor,
987 1898 1130 1964 lectione
1151 1896 1286 2046 simpli·

171 1984 263 2065 cius,
290 1984 375 2050 nihil
397 1986 522 2071 aptius.
572 1981 749 2050 Commode
768 2004 840 2049 eam
862 1986 894 2048 in
918 1993 989 2049 tres
1009 1982 1193 2070 particulas
1232 1983 1284 2048 is-

171 2090 308 2160 posoas:
340 2063 426 2144 ἀλλὰ
447 2069 505 2133 καὶ
520 2063 616 2156 ἡμεῖς
635 2065 732 2134 αὐτοὶ
746 2067 859 2156 -τὴν
881 2066 1036 2158 ἀπαρχὴν
1058 2091 1088 2134 τ.
1110 2091 1164 2132 mv.
1185 2065 1285 2148 ἔχον-

172 2177 228 2232 τες
240 2191 283 2204 --
296 2153 393 2220 αὐτοὶ
414 2154 448 2221 ἐν
465 2147 596 2232 ἑαυτοῖς
615 2147 823 2236 στενάζομεν.
878 2151 956 2219 Νοο
979 2151 1075 2218 modo
1098 2159 1208 2218 autern
1228 2173 1293 2216 re··

171 2260 245 2306 rom
262 2247 378 2304 natura
395 2239 561 2326 suspirat,
587 2259 700 2304 verum
721 2239 820 2304 etiam
843 2259 905 2304 nos
927 2239 992 2324 ipsi
1011 2239 1110 2325 (dicit
1129 2238 1287 2314 homines¹

172 2325 325 2407 christ),
348 2345 545 2418 quamquam
559 2323 627 2390 div.
647 2323 791 2410 spiritus
810 2324 978 2410 primitias
999 2325 1158 2389 habemns
1177 2325 1285 2413 (quas

170 2411 278 2477 lenire
292 2417 498 2498 praesentem
513 2407 682 2473 miseriam
696 2415 731 2472 et
743 2408 862 2474 roboro
876 2409 997 2474 animis
1019 2409 1144 2475 nostris
1164 2407 1283 2473 addito

172 2497 304 2562 ellioere
322 2515 362 2559 ne
384 2517 442 2562 sus
468 2495 591 2559 iremus
612 2492 813 2577 credideris)
832 2494 898 2579 ipsi
912 2494 1001 2564 intes·
1019 2516 1076 2560 nos
1097 2500 1172 2579 (orit
1193 2514 1284 2560 unus

170 2603 244 2651 curn
272 2581 381 2646 altero
410 2515 622 2669 coiloquens)
649 2579 859 2668 suspiramus
883 2585 938 2650 —'.
988 2579 1078 2646 Male
1114 2579 1198 2648 Win.
1226 2600 1284 2662 gr.

171 2689 207 2756 p.
220 2666 297 2734 336.
312 2665 379 2734 div.
392 2665 535 2759 spiritus
554 2664 742 2754 primitias,
761 2665 842 2815 puio
861 2665 994 2766 plenam
1013 2663 1200 2731 divinorum
1222 2664 1283 2728 he-

170 2751 363 2820 nefioiorum
380 2771 520 2817 messem
537 2749 734 2830 ostendant,
759 2797 761 2802 -
790 2749 867 2815 aulo
876 2749 989 2852 pudice
1004 2751 1132 2831 lacere,
1161 2757 1199 2814 ut
1219 2749 1283 2814 lto-

170 2837 277 2903 mines
289 2836 406 2906 olsrist.
422 2835 634 2902 vehementiam
654 2836 755 2904 etium
774 2835 987 2920 inpemasonnt
1008 2833 1147 2926 judicat.
1188 2832 1282 2902 Natn

114 2949 116 2960 ·
170 2919 475 3074 superquampprod
491 2919 559 2993 div.
574 2919 716 3012 spiritus
728 2941 841 2986 corum
851 2925 864 3002 ‚¹
880 2921 1005 3072 paitrus
1016 2921 1116 2987 datus
1128 2929 1191 3002 est,
1205 2921 1282 2986 ani-

89 3091 92 3104 ,
168 3029 242 3075 moa
257 3009 393 3095 tranqui
422 3013 456 3074 at
472 3007 550 3077 Gal.
564 3005 680 3089 ⁵2²2„
706 3004 860 3094 gradatio
905 3007 1029 3095 agitat,¹
1055 3014 1094 3073 ut
1114 3027 1173 3072 eos
1195 3029 1282 3096 quo-

200 3215 230 3284 ¹0
248 3209 749 3284 Meyctusp,170.sq.quuml'.·-
763 3197 906 3267 ‹tttdsct'
919 3205 1022 3284 ripaeis
1041 3210 1148 3268 αυτοὶ
1166 3209 1217 3278 criu
1230 3209 1283 3270 άτν.

234 3301 260 3341 τ.
274 3301 321 3336 νιν.
335 3281 377 3352 dx.
390 3278 450 3334 κυῖ
469 3279 572 3335 αὐτοὶ
593 3279 624 3334 ἰν
644 3277 753 3342 ἑαυτοῖς
769 3279 936 3352 στενάζομεν
954 3281 1130 3347 exhibuisset,
1150 3281 1279 3340 librarios

132 3409 134 3421 Ι
187 3384 197 3400 -
235 3369 331 3403 vocem
343 3349 421 3420 ἡμεῖς
435 3361 463 3402 ut
475 3351 702 3423 ineptsm‚quod
716 3368 803 3420 neque
816 3351 848 3405 P.
869 3370 957 3420 neque
971 3349 1086 3404 Romani
1106 3351 1134 3403 in
1153 3350 1186 3404 iis
1207 3351 1280 3403 luis-

234 3431 310 3488 sent,
327 3415 496 3488 quibusdiv.
514 3418 624 3488 spiritus
635 3430 796 3470 ornamenta
807 3422 910 3486 prr'rnis
923 3419 984 3472 data
1003 3430 1107 3488 esseut,
1118 3428 1180 3472 'oet
1198 3421 1280 3472 dele-

233 3487 322 3552 visse‚
342 3497 394 3539 cut
407 3496 437 3543 ut
451 3487 574 3544 homines
590 3487 622 3540 ab
635 3486 670 3556 jis
682 3487 729 3556 qui
748 3485 801 3554 ssia
818 3487 948 3559 άτταρχνῖτ
966 3489 1017 3542 τοῦ
1036 3508 1084 3544 τεν.
1105 3489 1279 3558 accepissent
1312 3529 1316 3541 .

234 3555 337 3626 diversi
347 3567 536 3615 nascerentur,
553 3555 676 3611 anteacti
688 3553 768 3610 αάτοῖ
805 3562 918 3612 asterius
938 3558 1085 3612 collocasse
1103 3555 1153 3626 (cl.
1169 3563 1205 3612 Α.
1219 3559 1280 3624 (1.),

232 3625 458 3694 undepostremo
474 3625 553 3678 lectio
568 3622 635 3678 άλλά
649 3627 695 3679 καὶ
712 3575 802 3682 edroi
811 3631 846 3682 οἱ
862 3647 886 3686 τ.
908 3625 956 3682 dn.
974 3646 998 3682 τ.
1018 3647 1066 3686 τιν.
1085 3630 1194 3698 ἔχοντες
1214 3629 1278 3682 καὶ

233 3691 334 3768 ripaeis
354 3690 465 3752 edroi
480 3693 511 3751 ὲν
523 3694 632 3756 ἑαυτοῖς
648 3693 817 3777 στενάζομεν
833 3695 988 3765 exstitisset,
1006 3697 1174 3750 eristimavit.
1212 3699 1277 3749 Non

233 3763 377 3844 assentior.
412 3765 455 3816 llli
470 3782 552 3832 quam
569 3764 696 3884 Meyecnp
716 3766 781 3817 dixit
800 3765 941 3818 offensioni
959 3760 1036 3837 ἡμεῖς
1054 3775 1115 3840 post
1136 3763 1205 3822 etad
1228 3767 1280 3820 καῖ

233 3831 384 3902 antiquitus
395 3831 479 3888 fuisse
491 3849 585 3900 parum
601 3831 673 3885 credi
694 3831 730 3884 ile
745 3844 799 3897 est,
816 3853 901 3903 quum
918 3844 1022 3888 veteres
1036 3839 1195 3904 interpretes
1216 3855 1278 3890 unu

140 3913 142 3918 ’
232 3919 320 3974 paene
333 3919 380 3955 ore
394 3900 518 3960 honores
530 3901 578 3972 qui
592 3899 644 3971 coir·
654 3898 783 3972 ἀπαρχήν
795 3904 847 3958 τοῦ
858 3921 908 3959 σν.
919 3905 1055 3972 possidere
1074 3904 1203 3958 dicuntur
1220 3908 1278 3958 no-

232 3971 327 4028 mines
341 3971 436 4023 christ.
452 3971 481 4022 in
498 3973 673 4032 univercum,
692 3989 747 4022 non
763 3975 807 4042 qui
821 3971 901 4042 primi
919 3971 1017 4026 Christi
1031 3973 1134 4026 alumni
1149 3971 1211 4034 lacti
1228 3994 1275 4026 es·
1330 3983 1331 3990 ’

233 4047 309 4105 seut,
330 4037 523 4110 explicuerint,
539 4049 565 4091 et
579 4037 603 4091 si
616 4057 668 4092 vox
686 4034 766 4110 ἡμεῖς
783 4040 858 4094 illam
878 4041 976 4095 scribis
992 4041 1186 4098 dubitationem
1206 4040 1277 4108 inje-

232 4108 329 4173 οἰοιοῖ,
357 4105 456 4160 frustra
486 4106 710 4176 impkdimentom
735 4107 789 4162 tte
809 4110 953 4161 verborum
975 4111 1183 4179 transpositione
1199 4110 1277 4165 oillei

141 4211 143 4218 ι
214 4175 292 4238 ,ταὶ
308 4174 754 4246 arnsteinensem
774 4173 893 4250 ἡμεῖς,
915 4179 974 4240 καὶ
994 4177 1099 4232 αὐτοὶ
1117 4179 1280 4239 tricocco}

232 4245 469 4320 στενάζομεν,
486 4242 585 4316 στάντε
599 4244 747 4298 effecissent
763 4247 889 4318 quidun,
908 4257 937 4300 ut
949 4248 994 4300 alii
1002 4257 1098 4302 essent
1112 4243 1205 4320 ἡμεῖς,
1226 4250 1274 4304 alii

234 4313 322 4380 οἱτνῖν
334 4313 382 4373 cin..
395 4332 425 4375 τ.,
442 4334 489 4378 τεν.
510 4315 635 4390 ἔχοντες,
657 4333 795 4372 removere
815 4315 988 4380 studuissent.
1027 4315 1088 4370 Imo
1106 4337 1185 4376 error
1205 4317 1233 4374 h.
1252 4318 1272 4378 L

231 4392 366 4462 erassum
379 4395 434 4456 cst,
450 4401 507 4443 uon
522 4381 667 4442 comitum
681 4381 863 4444 dominationi
898 4383 966 4442 vite
979 4403 1072 4459 supra.
