2814 5056
179 341 246 426 ras
370 319 1071 437 'srisnonnnononnnos

118 488 119 506 ί
139 596 142 600 ,
179 515 414 605 persequitur,
435 489 521 606 puae
534 517 688 584 miseram
702 537 816 594 eorum
830 513 1052 582 conditionem
1068 513 1288 580 consolentur

180 623 212 670 r.
232 603 400 673 24-30..
442 599 483 668 οὐ
493 598 595 686 μόνον
610 603 662 690 δὲ]
685 603 760 672 scil.
778 603 873 668 πᾶσα
890 592 910 688 ἡ
926 598 1034 678 κτίσις
1054 593 1205 679 στενάζει
1219 608 1285 664 non

60 725 64 739 ·
179 687 277 781 στᾶσα
291 679 311 774 ἡ
328 685 436 766 κτίσις
449 682 1033 777 σοστενάζεικαίσυνωδίνει(οεἰς.).
1061 685 1287 772 Hooapparet

179 793 211 841 e.
228 793 260 842 v.
275 768 482 856 στενάζομεν.
514 774 601 840 Nam
616 774 647 840 si
662 771 750 861 quod
758 772 1016 862 Origeniplacet
1025 773 1094 861 Ap.
1103 770 1212 835 dicere
1221 790 1287 836 vo-
1379 847 1386 868 Ι

179 873 320 956 luisset,
341 875 535 962 scripsisset
551 870 591 941 od
604 873 707 957 μόνον
730 875 767 942 di
791 865 934 960 πάσαὴ
950 869 1088 949 κτίσις
1105 853 1288 934 συστενά-
1402 897 1403 918 i

182 960 234 1050 ζει
252 975 322 1041 καὶ
341 961 557 1050 συνωδίνει,
584 972 670 1044 ἀλλὰ
692 977 749 1043 καὶ
768 970 862 1064 ἡμεῖς
876 969 974 1040 ἀὐτοὶ
989 1011 1030 1023 -
1047 957 1286 1052 στενάζομεν.

178 1051 267 1124 ἄλλοί
283 1061 338 1125 καί
356 1055 453 1126 αὐτοὶ
468 1059 528 1148 τὴν
542 1057 695 1148 άπαμχὴν
706 1063 768 1128 τοῦ
784 1058 972 1135 πνεύματος
985 1057 1113 1140 ἔχοντες
1123 1061 1181 1124 καί
1191 1055 1289 1144 ἡμεῖς

180 1142 279 1210 αὐτοί
295 1141 329 1209 ἐν
344 1139 476 1222 ἑαυτοῖς
496 1145 708 1234 στενάζομεν]
731 1147 824 1216 Haeo
843 1145 1113 1211 conformationis
1133 1150 1289 1231 receptae

80 1264 83 1276 ‚
136 1293 139 1302 ,
181 1229 348 1318 scriptura
366 1229 566 1296 hauddubie
581 1245 736 1323 corrupta
751 1240 814 1300 est.
837 1219 1289 1317 Νεοεείαεῖτούςτὴνάιιαρ-

178 1337 199 1397 χ
223 1338 241 1378 ν
255 1315 316 1380 τοῦ
330 1335 384 1380 τεν.
400 1311 535 1398 ἔχοντας
549 1318 635 1384 alios
650 1339 723 1385 esse
734 1317 895 1391 homines,
912 1337 1008 1402 quam
1021 1337 1105 1402 quos
1116 1318 1149 1382 Α
1178 1311 1290 1400 ἡμᾶς

182 1397 305 1476 αοτούς
319 1402 487 1468 vocaverit
502 1403 566 1467 tibi
578 1405 788 1492 persuaseris
803 1403 866 1488 (sic
877 1399 977 1487 Wolf.
993 1403 1038 1466 al.
1053 1402 1131 1466 illos
1145 1337 1291 1485 ίίνσιὶυεε

181 1484 313 1566 christ,
335 1485 396 1550 hos
410 1488 600 1574 Apostolos,
620 1489 747 1574 Κομμ,
767 1487 881 1565 liciole.
895 1487 973 1556 illos
988 1485 1108 1552 coristi
1126 1487 1289 1564 alumnos,

169 1571 244 1644 ,nos
256 1592 354 1635 renum
370 1571 509 1638 Paestum
530 1573 595 1638 dici
641 1581 811 1660 utarunt),
838 1572 957 1637 vitiose
977 1567 1019 1639 P.
1039 1571 1200 1658 loquutus
1222 1579 1289 1637 est.

116 1685 118 1697 ε
176 1655 290 1738 ΙΒοεεῖ
304 1657 389 1721 enim
399 1659 577 1725 Articulus
594 1597 680 1724 οῖὴλά
695 1655 858 1724 καίαύτοί
872 1654 913 1723 οῖ
929 1679 958 1720 τ.
975 1653 1036 1720 dre.
1044 1679 1074 1722 τ.
1083 1678 1138 1721 τιν.
1148 1652 1290 1736 ἔχοντες.

140 1749 154 1758 ”
181 1740 243 1806 Sin
267 1741 373 1819 ¹verba
398 1743 455 1807 καί
473 1733 569 1828 ἡμεῖς
588 1740 686 1810 αὐτοί
706 1745 873 1810 notionem
894 1741 965 1807 voci
987 1736 1084 1806 edroi
1104 1740 1289 1829 surbjectam'

180 1841 241 1927 per
255 1829 470 1918 epanalepsin
485 1829 619 1897 fortiter
631 1830 861 1925 redintegrare
871 1827 1049 1894 statueris:
1067 1826 1291 1893 verumetiam

179 1913 266 2060 εκ
292 1914 586 2066 iturarum
611 1915 753 2018 ,n
773 1907 1292 2082 uffllrcnulauu‘tu‘

129 2173 130 2180 ἡ
181 2007 465 2180 «ἶσα-ξίίσμίίείίαε,
497 2022 657 2170 Βοίιμῖίνίι,0
701 2023 792 2152 υιίίίίε
817 2023 896 2170 ai),
931 2084 1010 2148 haec
1035 2082 1108 2170 ipsa
1132 2043 1291 2170 {penerel

184 2169 389 2320 psisajustam
403 2170 610 2236 mirationem
625 2171 737 2252 faciut,
753 2177 788 2235 et
802 2169 956 2258 qnoniam
971 2168 1173 2257 paucissima
1187 2165 1292 2232 uerba

181 2249 241 2338 τὴν
277 2279 313 2321 τι.
333 2275 363 2320 τ.
385 2250 590 2338 ττν.’ἐὴοντες
610 2256 784 2344 interjecta
807 2265 886 2323 sunt
907 2253 1040 2341 etquis
1063 2250 1122 2334 P.‚
1150 2258 1188 2320 ut
1210 2274 1291 2316 ana-

182 2339 321 2426 phoras
342 2341 460 2426 quovis
479 2341 801 2426 deprehenderetur,
831 2335 918 2410 ἀλλά
940 2339 1152 2424 repetiisset:
1180 2329 1291 2404 dtus
1400 2351 1403 2408 ζ

182 2426 241 2489 καί
253 2419 348 2510 ἡμεῖς
362 2422 469 2490 αὐτοί.
514 2426 673 2510 Accedit,
695 2427 782 2515 quod
795 2447 957 2512 summum
976 2423 1200 2489 subsidiorum
1225 2421 1294 2486 cria

182 2509 323 2576 ticorum
353 2507 532 2577 dissidium
561 2513 729 2597 vulgatam
757 2511 931 2576 lectionem
959 2518 1146 2598 suspectam
1165 2507 1293 2578 reddit.

184 2596 240 2662 De
266 2585 403 2662 Wettiuc
424 2593 729 2688 libros'propterea
750 2595 847 2664 valde
871 2596 1020 2676 variare,
1049 2595 1136 2682 quod
1156 2593 1294 2660 librarii
1402 2673 1403 2676 ἡ

184 2687 386 2760 structuram
425 2683 594 2747 continere
607 2692 715 2749 autem
729 2681 829 2749 verba
844 2689 935 2748 nrcte
952 2679 1170 2746 consocianda
1192 2674 1293 2744 odoni
1325 2719 1328 2729 ι

130 2827 134 2838 ,
184 2767 241 2831 καὶ
267 2765 363 2856 ἡμεῖς
384 2764 482 2834 αυτοί
503 2765 729 2860 SubJectuml)
748 2766 923 2834 emendare
942 2765 1166 2849 studuissent,
1195 2763 1293 2856 jecit.

102 2909 111 2922 .,
184 2849 297 2936 Igitur
310 2849 356 2919 V.
372 2849 418 2921 D.
432 2873 496 2919 non
518 2855 625 2920 solum
640 2853 781 2940 'linguae
803 2874 943 2938 graecae
964 2874 1000 2918 se
1021 2852 1173 2936 ignarum
1193 2872 1294 2940 prae-

184 2937 277 3020 buit,
304 2937 482 3003 sedetiam
505 2939 702 3006 variantium
724 2939 902 3005 lectionum
923 2937 1175 3004 uimcousoltis
1200 2943 1294 3002 vete-

185 3043 259 3088 rum
281 3023 501 3112 interpretum
522 3025 771 3091 commentariis
791 3023 979 3111 expendere
1000 3022 1162 3108 neglexit.
1212 3022 1294 3086 llei-
1402 3059 1403 3062 =

187 3107 276 3198 είιὶυε
295 3108 419 3173 idcirco
441 3115 616 3215 tantopere
642 3111 767 3177 variari
779 3119 900 3216 putat,
927 3107 1014 3195 quod
1037 3130 1136 3196 quum
1160 3116 1295 3173 veteres

161 3235 168 3245 ι
186 3193 407 3280 explicatores
421 3191 500 3270 τοὺς
512 3218 572 3280 την
586 3192 645 3261 ἅττ.
659 3219 689 3260 τ.
705 3218 760 3259 mv.
775 3195 911 3274 εχοντας
925 3193 966 3258 ad
984 3195 1123 3259 Paulam
1139 3194 1294 3258 rettulis-

186 3285 273 3357 sent,
294 3279 394 3344 vorha
408 3270 504 3364 ἡμεῖς
517 3275 617 3344 ανίτοί
630 3279 756 3344 nullam
769 3279 931 3345 rationem
947 3279 1069 3343 habere
1086 3277 1295 3348 uiderentur.

186 3366 239 3430 At
253 3372 381 3428 veteres
398 3364 598 3451 interpretes
612 3374 743 3438 tentum
759 3385 823 3430 non
846 3386 959 3430 omnes
979 3365 1040 3429 lioc
1061 3385 1111 3433 vs.
1132 3365 1173 3430 de
1192 3363 1295 3430 ίιουιί-

34 3465 38 3472 ’
158 3503 161 3511 ,
187 3447 282 3513 νιίίαε
297 3447 407 3517 olrici.
428 3449 484 3538 agi
504 3459 722 3530 censuerunt,
750 3451 867 3538 peuri,
893 3458 931 3515 ut
955 3449 1190 3553 Orippqusum
1209 3449 1296 3514 ίιοοε
1321 3523 1329 3528 ,

188 3530 388 3640 scripturam
404 3543 619 3620 sequeretur,
640 3531 726 3599 ἀλλὰ
741 3537 799 3601 καὶ
818 3533 940 3622 ἡμεῖς
960 3531 1160 3619 adsonem
1179 3530 1240 3598 dm.
1262 3556 1296 3602 τ.

97 3697 100 3706 ¹
189 3639 243 3682 τεν.
258 3624 470 3698 εχοντεςκαῖ
487 3615 611 3684 αὐτοὶ
624 3616 658 3687 ίν
669 3613 803 3698 ἑαυτοῖς
818 3615 1031 3702 στενάζομεν,
1059 3619 1099 3685 de
1116 3618 1296 3705 Apostolis.

189 3701 283 3768 Haec
300 3712 353 3767 est
372 3710 480 3768 autem
502 3703 663 3771 librorum
684 3703 792 3772 disere
817 3703 920 3774 antia.
967 3701 1098 3770 Textus
1118 3711 1294 3802 receptus:
1402 3781 1403 3786 ἵ

189 3781 297 3852 case
319 3790 395 3855 καί·
410 3787 530 3856 αὐτοὶ
546 3788 770 3877 τὴνάπαρχὴν
804 3791 845 3856 οὔ
864 3785 1055 3870 πνεάματος
1076 3783 1205 3870 ἔχοντες
1224 3791 1297 3856 καί

189 3867 312 3984 ἡμεῖς
335 3872 456 3940 αὐτοὶ
470 3873 505 3940 ἐν
528 3869 660 3952 ἑαυτοῖς
677 3869 884 3955 στενάζομεν.
904 3878 910 3957 Ι
929 3877 976 3944 ll.
996 3873 1037 3942 F.
1056 3875 1099 3944 G.
1117 3870 1203 3938 ἀλλὰ
1222 3875 1296 3942 καί

99 3953 106 3967 Χ
161 4027 167 4048 .
217 3954 1296 4043 μεῖςαὐτοὶτὴνάντ.τ.ττν.ἔμαύτοὶίνἑαυτοῖςοτενοί-
1402 3971 1403 3984 ’

139 4044 141 4051 ’
188 3985 398 4195 ζαμενὴἓεῑ.
412 4047 467 4114 73.
489 4045 614 4129 Vulg„
641 4048 754 4127 Aug„
779 4043 859 4112 Rut.
881 4041 1056 4110 ἀλλὰκαὶ
1077 4037 1296 4130 ἡμεῑςαιῖ-

191 4131 311 4216 coru
333 4126 480 4196 .αυ’τοί
498 4123 608 4231 ἡμεῖς)
622 4129 681 4218 τὴν
701 4125 761 4196 dre.
779 4152 808 4193 τ.
832 4151 887 4194 νιν.
909 4125 954 4210 ἔχ.
977 4132 1049 4194 καὶ
1068 4125 1191 4196 edroi
1208 4125 1246 4204 ἐν
1266 4121 1295 4193 ἔ.
1372 4125 1375 4133 ’

191 4237 242 4282 στ.
282 4214 359 4281 'Hoc
374 4215 527 4304 probavit
543 4214 708 4298 Μεμεναε.
726 4219 731 4298 Ι
750 4213 971 4281 Ambrosius:
992 4211 1078 4278 ἀλλὰ
1093 4214 1160 4278 καὶ
1175 4205 1296 4300 ἡμεῖς

191 4323 220 4366 τ.
237 4297 295 4366 cicc.
309 4323 338 4365 τ.
353 4324 407 4366 τεν.
423 4296 468 4381 ἔχ.
485 4293 610 4365 αὐτοὶ
630 4298 646 4364 ἐ
653 4293 670 4360 ν
689 4293 857 4376 ἑαυτοῖς
874 4295 1080 4379 στενάζομεν.
1101 4300 1106 4383 Ι
1125 4296 1298 4381 Gelasius,

131 4437 136 4460 .
192 4371 384 4476 Theophyl.
399 4388 435 4454 in
449 4382 622 4474 comment.
636 4380 722 4452 ἀλλὰ
737 4387 805 4453 καί
819 4377 941 4473 ἡμεῖς
959 4377 1084 4458 αὐτοί
1102 4377 1161 4472 τὴν
1181 4376 1243 4451 εῖτ.
1263 4405 1294 4450 τ.
1333 4432 1337 4450 ..
