2824 5054
465 292 690 402 camme.
732 287 1009 408 νινειν...
1144 401 1148 408 ,
1193 262 1295 396 νιν
1336 381 1340 410 .

97 521 99 528 ,
138 477 304 559 histonii,
327 477 387 546 sed
401 499 421 544 e
433 479 556 562 νινύιι,
585 499 670 568 quae
684 479 781 564 Deus
795 475 982 563 Pharaoni,
1003 481 1105 548 ιἰινύιν
1123 481 1254 568 damini,

28 571 30 614 ¹
137 563 295 645 dixisset,
312 560 352 632 P.
361 586 392 639 r.
408 567 458 630 17.
473 572 724 650 argumentatus
740 571 793 633 est
806 571 857 654 (a.¹
867 567 916 631 ibi
931 566 1030 647 not).
1073 564 1252 636 Praeterea

138 650 225 715 nihil
244 649 328 734 fingi
348 656 475 737 potest,
507 651 594 740 quod
614 653 752 737 magica
767 648 808 721 P.
822 650 1048 741 disputatione
1062 652 1252 740 abhorreat,

136 757 236 822 quam
253 735 341 822 quod
355 735 408 800 illi
424 735 626 826 interpretes
640 735 740 828 Pauli
754 739 866 804 verbis
883 748 1008 804 temere
1022 736 1248 827 subjecerunt.
1300 817 1303 822 ,
1396 791 1400 798 1

25 825 28 902 i
135 819 231 886 ldc'm
253 821 287 885 in
307 821 493 905 eosvalet,
515 822 574 910 qui
593 828 640 907 (v.
655 843 685 892 c.
701 823 839 909 Θήρην
857 823 922 889 Dei
936 825 1155 909 praescientia
1169 846 1248 913 pro·

24 915 26 976 i
134 906 217 972 fecti
233 907 315 972 hanc
331 915 445 973 nostro
460 907 485 974 i.
502 907 701 974 sententiam
715 908 947 978 obtruserunt:
976 929 1075 995 quum
1097 907 1247 977 Pharao·

23 1013 26 1070 ς
133 1013 208 1056 nem
230 1013 266 1056 so
288 1013 351 1058 non
368 991 615 1060 emendaturum
636 1013 711 1061 esse
727 994 822 1061 Deus
836 995 1055 1084 praescisset,
1083 995 1248 1078 sapienter
1270 1035 1275 1054 κ

22 1101 24 1156 j
133 1098 221 1157 eum,
243 1078 743 1164 uthoaumetcircumspectum
761 1074 1035 1167 dispensatorem,
1057 1075 1245 1148 Pharaonis
1353 1156 1357 1164 ,

134 1161 264 1228 malitiis
284 1169 378 1229 usum
398 1185 491 1246 esse,
513 1172 550 1230 ut
562 1165 681 1232 famosi
695 1163 838 1232 hominis
859 1166 999 1231 interitu
1016 1185 1133 1230 nomen
1146 1187 1243 1232 suum

132 1249 265 1314 celebre
282 1250 405 1314 faceret
417 1258 451 1313 et
465 1251 615 1315 homines
627 1250 830 1320 emendaret.
856 1305 860 1310 .
875 1249 1066 1318 Oisianseni
1079 1265 1243 1319 commen·

131 1342 202 1400 tum
217 1333 300 1398 bena
313 1333 471 1405 refutavit
484 1334 651 1418 Meyerus.

214 1418 261 1488 V.
277 1422 332 1488 19.
360 1418 427 1485 Sed
441 1441 540 1508 posse
559 1421 738 1502 exsistere,
767 1422 826 1510 qui
848 1421 946 1500 ninus
962 1418 1073 1484 verbis
1088 1440 1120 1488 ν.
1135 1421 1188 1488 17.
1203 1409 1242 1486 ὃν
1333 1489 1338 1496 ,

131 1501 169 1570 δὲ
182 1501 281 1570 ,θέλει
294 1503 468 1593 σκληρύνει
482 1506 530 1572 ita
543 1527 653 1572 seeum
668 1506 718 1571 dis
745 1515 833 1588 utet,
846 1503 1078 1590 P.1inteiiigit:
1101 1503 1131 1571 si
1145 1504 1240 1571 Deus

128 1596 352 1656 contumacem
377 1587 504 1673 reddit,
531 1591 686 1678 uffidqm
709 1529 846 1660 &cisto
867 1592 1008 1674 deneget
1026 1598 1061 1655 et
1077 1591 1239 1658 felicitato
1260 1671 1264 1684 .

130 1674 296 1741 messiani
312 1675 451 1758 excidat,
495 1698 567 1743 uem
583 1678 665 1757 vult,
687 1680 771 1742 malo
785 1679 881 1745 Deus
898 1677 938 1742 de
959 1677 1001 1742 iis
1013 1676 1240 1763 conqueritur,
1328 1689 1332 1697 “

152 1782 270 1826 uorum
293 1761 460 1827 animosa
506 1762 547 1829 de
568 1770 601 1828 et
622 1763 901 1851 pietateaversus
924 1761 982 1828 sit.
1029 1758 1117 1827 Nam
1137 1783 1236 1850 quum

129 1783 225 1910 Peos
249 1846 456 1934 omnipotens
476 1847 539 1930 sit,
568 1849 647 1914 talis
662 1850 802 1937 quisque
814 1851 876 1931 sit,
905 1848 1034 1936 qualem
1050 1849 1145 1912 Deus
1161 1868 1237 1912 eum
1302 1858 1306 1872 ⁸

15 1997 16 2000 ,
129 1943 203 1996 c'sse
232 1930 392 2021 jusserit,
433 1955 570 2000 necesse
604 1928 667 2004 ast.
723 1935 836 2022 Atqui
863 1935 937 1999 Deo
969 1931 1147 2034 displicere
1178 1931 1238 2020 qui

111 2013 265 2088 .'Christo
294 2016 391 2084 iidem
417 2019 542 2085 hahere
569 2017 738 2085 noluerint
763 2042 858 2085 nemo
882 2025 1065 2104 negaverat.
1113 2015 1166 2082 lta
1195 2036 1236 2082 ue

127 2102 249 2170 falsum
277 2097 329 2168 est
363 2102 452 2191 quod
485 2103 619 2170 dicebas
652 2097 691 2170 ‘dv
715 2101 813 2170 θέλει
848 2100 1042 2190 σκληρύνει,
1086 2039 1236 2188 ηυεύύο-

26 2231 32 2242 -
126 2185 259 2275 quidem
278 2189 384 2262 Deum
406 2197 440 2254 et
460 2190 663 2277 pervicacem
683 2190 828 2276 aliquem
850 2187 989 2254 reddere
1008 2195 1133 2253 cteum
1181 2187 1236 2252 uio
1282 2231 1284 2238 ·

125 2275 282 2358 pervicax
310 2274 355 2339 sit
381 2275 623 2363 reprehendere
652 2274 796 2340 absurde
821 2275 1006 2341 existimes.
1054 2271 1141 2338 Nam
1197 2293 1235 2337 oc

13 2383 17 2395 ·
125 2365 222 2446 pacto
246 2357 360 2441 Deus,
389 2361 540 2432 utinemo
560 2362 752 2427 inconstans
772 2368 806 2425 et
827 2381 1001 2439 morosus,
1029 2359 1250 2445 vituperaret.

126 2444 214 2530 quod
237 2439 309 2532 ip'se
321 2445 457 2511 fecisset
476 2455 511 2511 et
524 2447 638 2534 inique
652 2447 711 2511 alii
725 2448 943 2534 exprobraret
961 2443 1047 2532 quod
1063 2445 1136 2533 ipse
1149 2442 1235 2508 deli·

126 2531 269 2616 quisset.
312 2529 422 2614 Haec,
444 2533 607 2619 quaesibi
622 2531 744 2620 opponi
782 2553 858 2597 osse
871 2530 971 2611 videt,
991 2529 1057 2594 sihi
1073 2527 1233 2620 objicien-

8 2635 10 2696 η
123 2625 192 2680 tem
220 2614 446 2682 adversarium
472 2615 510 2685 P.
534 2617 659 2682 inducit
689 2640 720 2682 v.
734 2553 800 2686 13..
845 2609 932 2699 ε’(νεῒς
957 2607 1016 2679 οὖν
1042 2618 1113 2696 μοι]
1146 2614 1234 2679 dices
1279 2631 1281 2638 ’
1374 2645 1378 2664 ·

123 2699 257 2785 ipitur
276 2702 325 2787 (in.
346 2711 376 2770 e.
396 2703 550 2790 quuqiam
570 2725 602 2771 v.
620 2703 673 2770 18.
693 2691 731 2768 ὃν
745 2703 782 2768 δὲ
796 2697 894 2766 θέλει
907 2694 1081 2786 σκληρύνει
1094 2699 1160 2763 scri
1186 2697 1233 2784 si)

8 2827 9 2840 ι
121 2785 202 2852 midi
221 2786 295 2854 acii.
338 2781 468 2876 nisquis
489 2787 571 2869 mihi
590 2783 997 2866 adversariusssexorieris,
1024 2783 1137 2848 nonJ
1175 2803 1233 2848 aec
1275 2787 1279 2802 '
1326 2856 1328 2864 s

8 2885 9 2894 ’
121 2872 280 2956 pertinace
292 2809 415 2959 (drot,
441 2873 589 2941 Ticincc.
602 2874 677 2958 aL).
711 2870 796 2940 Nam
811 2869 999 2937 hominibus
1012 2867 1142 2949 christ,
1164 2886 1232 2932 non

123 2953 262 3025 Iudaeis
284 2959 366 3023 hano
389 2955 430 3027 P.
451 2958 784 3046 epistolamscripsit
808 2977 915 3042 neque
945 2954 1146 3042 pertinacem
1168 2951 1231 3021 lu·
1301 3000 1320 3038 ,η
1375 2950 1377 2962 ’

122 3041 240 3108 dueum
263 3042 329 3108 sibi
349 3042 521 3134 objecturu
577 3065 652 3110 esse
673 3064 758 3130 quae
776 3040 932 3132 deinceps
952 3039 1067 3105 attulit
1080 3059 1157 3104 vocs
1171 3043 1231 3102 aut

84 3191 89 3206 ,
122 3127 286 3194 elemento
307 3128 477 3196 iudicarit.
564 3125 605 3195 irc
624 3128 767 3209 accedit,
797 3125 884 3214 quod
907 3146 991 3211 quac
1013 3125 1150 3210 ponitur
1172 3121 1231 3189 ob-

116 3208 1230 3384 itttttttttttti’distiti-'titini”itttttit'tt
1280 3275 1289 3286 ’

121 3380 209 3468 ἐρεῖς
228 3407 300 3464 μοι
323 3351 464 3453 ούνἈ.
477 3387 533 3468 (ss.
548 3382 673 3466 Beata)
685 3387 740 3450 4⁷.
758 3385 813 3452 ⁵7.
828 3405 900 3448 cum
916 3381 962 3447 ai.
975 3379 1007 3448 3.
1025 3389 1058 3445 et
1071 3363 1224 3458 Decimi

89 3477 95 3496 “
122 3467 200 3536 Om.
214 3491 274 3550 μοι
287 3471 342 3538 73.
358 3470 419 3541 Mt.
436 3472 470 3538 h.
486 3475 599 3539 Arm..
644 3468 684 3536 si
703 3469 756 3534 his
777 3467 975 3534 lectionibus
997 3463 1125 3552 aliquid
1141 3469 1232 3530 recte

120 3553 344 3636 tribueretur,
382 3549 570 3644 suspectum
599 3556 747 3620 iacerent
771 3567 838 3638 poc·
858 3552 1038 3637 (nomn,
1053 3551 1138 3633 le),
1166 3567 1253 3612 non,
1339 3615 1348 3634 ¹

121 3636 139 3704 ἒ
162 3641 210 3712 εἷς
231 3663 306 3719 μοι
329 3635 397 3706 οὗν
419 3641 694 3708 commendarent.
722 3634 757 3704 ai
772 3635 827 3706 ἔτι
847 3636 912 3720 μέμ
944 3639 1051 3722 ecam]
1073 3634 1118 3700 D.
1135 3633 1174 3702 Ε.
1189 3632 1230 3700 1².
1260 3691 1264 3708 ,
1325 3712 1328 3721 ¹

123 3663 167 3795 (ς.
188 3723 280 3792 clar.
304 3725 425 3797 Basra.
444 3726 542 3795 Hier.
564 3725 774 3794 secunlum
794 3727 894 3810 (quos
943 3721 1045 3789 arim.
1069 3725 1231 3805 sequutus

122 3813 190 3894 est)
209 3831 244 3873 aa
266 3803 337 3876 ούν
358 3807 409 3877 ἔτι
434 3835 488 3896 μ.,·
515 3834 575 3879 ειν
593 3811 727 3898 ipitnr
752 3813 824 3894 (cp.
846 3809 877 3873 si
895 3827 971 3897 vere
993 3805 1109 3872 dixisti
1129 3827 1160 3872 v.
1177 3803 1231 3871 18.

120 3882 159 3960 ‘dv
173 3892 271 3961 θέλει
286 3891 476 4004 σκληηύνει)
496 3898 600 3965 adino
613 3889 798 3982 vituperat?
833 3893 906 3960 Hoc
919 3885 977 3959 οὖν
991 3893 1076 3993 male
1096 3887 1233 3990 librarii
1262 3979 1264 3982 Ι
1388 3973 1389 3984 η

120 3975 1235 4153 institisti.{itittttittttaatttt}“ittid
1375 3995 1388 4088 ἶ

90 4148 95 4158 ’
121 4151 189 4215 tari
204 4145 338 4240 posset,
362 4158 473 4220 utrum
499 4151 538 4223 P.
558 4151 645 4238 ἒηεῖς
665 4174 734 4236 μοι·
757 4150 792 4215 ci
814 4143 885 4221 οὖν
907 4143 959 4212 ἔτι
979 4141 1167 4232 pipponem
1191 4161 1235 4210 an

121 4231 209 4318 ἐρεῖς
230 4229 305 4306 οὖν
325 4259 399 4323 μοι’
417 4237 451 4305 νύ
473 4236 526 4306 ἔτι
545 4239 733 4324 μ’έμφειαις
762 4236 968 4324 scripsisset.
988 4230 1023 4297 ci
1043 4231 1094 4300 ἔτι
1107 4229 1257 4319 μέμηνε·Ι
1385 4265 1386 4270 1

120 4321 211 4411 ιαιι]
243 4343 301 4393 cur
323 4325 532 4412 actaeis.
551 4347 584 4394 e.
610 4322 642 4390 si
660 4332 885 4408 ,contumacem
913 4315 1024 4386 reddit
1052 4339 1151 4418 quem
1171 4319 1243 4386 vult
