2824 5054
139 217 255 362 (are
291 286 294 292 ·
334 311 341 338 ,
402 255 685 344 urisuoca
711 282 788 347 uu
813 224 1085 402 nouenos

109 443 111 458 ·
193 418 490 533 ἐγενήθημεν
521 433 597 505 καὶ
629 435 687 519 cie
714 436 929 540 Γόμορῥα
963 447 1019 525 ἂν
1057 444 1312 554 cincindele-i
1351 527 1357 535 ι

188 544 285 612 μιν.
825 575 829 584 ¹
1273 583 1279 602 '

59 745 60 752 ¹
181 729 197 746 ‘'
269 733 321 835 .V'·
344 738 518 812 les-16.
552 713 642 816 ‘Iam
670 752 930 838 jtrstnia'beum
960 788 1094 849 encore,
1124 791 1211 857 quae
1235 791 1301 837 arua

189 837 334 884 ommam
355 831 666 901 rrrtutumdomiua
690 850 742 906 est
762 859 801 908 ac
815 849 949 936 regina,
972 852 1056 930 sibi,
1078 863 1115 919 ut
1130 858 1298 922 sententia

188 923 218 968 r.
235 905 624 998 11.-13.p1·0aunuan
639 925 834 1012 refellatur,
856 935 983 1000 obverti
997 958 1098 1024 posse
1110 939 1182 1028 Ap.
1198 941 1300 1005 intel-

187 987 275 1071 ligit.
318 989 438 1086 ltaque
452 1001 538 1084 quod
563 1006 628 1071 sibi
642 1032 660 1074 a
675 1013 793 1086 subtili
807 1015 930 1084 lectore
944 1022 1067 1109 opponi
1082 1045 1182 1110 posse
1196 1026 1301 1108 videt,

126 1100 132 1122 ι
186 1071 220 1134 id
242 1075 307 1138 sibi
329 1078 404 1164 ipse
423 1083 538 1175 objicit
558 1111 589 1158 v.
606 1095 676 1176 ln,
701 1108 737 1162 ut
757 1114 909 1168 accurate
925 1107 1048 1172 refutet
1063 1111 1110 1194 (v.
1125 1110 1178 1176 15.
1196 1116 1300 1197 sqq),
1375 1179 1384 1186 ,

186 1179 249 1222 nou
274 1159 516 1253 adversarium,
546 1179 793 1266 nescioquem,
826 1188 893 1254 sibl
915 1191 1145 1278 obloquentem
1169 1197 1299 1276 inducit

186 1253 235 1326 (nc
251 1245 304 1312 14.
328 1249 370 1315 cl.
389 1253 511 1338 Flora,
531 1259 651 1332 alleca.
672 1263 763 1346 at.).'
791 1268 854 1336 Est
874 1284 981 1340 arrtein
1006 1278 1153 1368 objectio,
1170 1302 1236 1347 non
1258 1304 1298 1346 ex

185 1349 223 1392 eo
237 1339 332 1418 nata,
354 1339 441 1422 quod
456 1361 570 1426 parum
581 1346 777 1435 justeDeus
792 1353 900 1422 isaaci
916 1363 1029 1447 pueris
1047 1365 1188 1430 ruendum
1207 1369 1297 1431 natis

183 1434 289 1500 neque
304 1417 384 1483 bene
399 1427 524 1492 malon
532 1434 659 1498 meritis
671 1455 763 1502 suam
772 1441 890 1528 cuique
903 1447 1069 1514 loctunam
1078 1448 1298 1517 destinaverit

119 1501 139 1570 χ
182 1502 226 1578 (v.
247 1503 298 1567 ll.
316 1505 401 1588 124),
424 1511 708 1586 sedescnteutiai
722 1531 883 1609 manavit,
906 1553 1002 1621 quam
1020 1529 1294 1602 Dedsdirersam

181 1581 305 1650 Jacouo
324 1599 357 1653 et
372 1591 492 1677 Esavo,
508 1601 700 1690 prinsquam
716 1609 750 1672 in
764 1611 870 1677 lucem
886 1617 967 1680 c'diti
990 1628 1101 1684 essent
1122 1629 1179 1686 ant
1197 1623 1295 1708 qnid·
1407 1657 1408 1730 q

122 1719 124 1726 s
182 1690 279 1754 quarn
301 1673 381 1741 beue
402 1681 527 1758 malerc
541 1687 860 1773 [conseranensem
882 1703 1093 1770 attribuendo
1115 1707 1212 1772 nohis
1233 1731 1295 1796 per
1407 1733 1408 1776 l

180 1755 337 1839 ambages
358 1764 617 1846 significaverit:
651 1777 790 1846 salutem
811 1787 1005 1853 messionem
1027 1792 1171 1876 assequi,
1201 1802 1292 1878 rqrcot-
1338 1881 1340 1884 ι

119 1907 124 1915 .
179 1848 254 1924 quot
275 1845 366 1910 Deus
390 1871 523 1922 temore
544 1859 745 1928 adductus
763 1868 829 1951 piu
852 1871 1038 1940 arbitrio
1059 1876 1231 1961 dclcqcrit,
1255 1888 1292 1944 nt

175 1926 409 2006 perlibratum
424 1933 650 2024 dcclifiercnt.
683 1947 769 2015 Nam
785 1953 867 2018 banc
884 1958 1080 2023 senteutiam
1095 1961 1198 2026 claris
1214 1983 1290 2027 ver·
1407 1977 1408 2054 g

177 2007 230 2073 bis
254 2033 284 2080 r.
300 2015 464 2089 11.—13.
485 2029 690 2098 enuntiatam
705 2037 777 2123 Ap.
798 2041 904 2106 murrit
929 2045 1158 2127 v.14.-21.,
1180 2049 1290 2112 muni·
1407 2073 1408 2132 l

176 2094 310 2182 tamque
326 2099 371 2164 ita
387 2112 425 2169 ut
439 2109 678 2192 quadamtenus
694 2121 823 2204 mitiget
837 2128 960 2212 repetit
978 2150 1008 2196 ν.
1023 2129 1077 2197 22.
1088 2131 1155 2198 23..
1193 2131 1288 2216 Quid
1407 2143 1408 2220 ἶ

159 2177 292 2262 fqitur,
317 2184 445 2273 iuquit,
469 2193 618 2264 dicemus
635 2206 707 2292 (np.
723 2206 753 2269 si
768 2208 881 2290 Deus,
903 2218 941 2276 ut
964 2235 993 2280 v.
1011 2217 1177 2284 11.-13.
1201 2219 1287 2298 dixi,
1407 2239 1408 2244 ’

175 2263 324 2330 homiues
340 2293 401 2358 pro
415 2278 575 2365 arbitrio,
590 2287 668 2370 quia
685 2289 824 2368 iisbcue
840 2306 994 2382 cuperet,
1010 2299 1154 2368 delectos
1170 2299 1287 2388 bean?
1407 2317 1408 2374 ἒ

173 2346 262 2412 Num
278 2351 441 2440 injustitia
460 2385 562 2448 penes
578 2370 686 2438 Deum
700 2369 779 2442 est?
796 2376 843 2462 μὴ
858 2376 973 2445 ἀδικία
987 2385 1098 2471 παρὰ
1110 2389 1157 2472 τῷ
1170 2390 1243 2474 θεῷ
1253 2394 1284 2472 3]
1407 2423 1408 2430 ¹

100 2439 105 2446 “
170 2433 236 2498 E„
256 2456 310 2500 ces
328 2461 426 2523 penes
446 2469 540 2532 eum,
570 2456 627 2539 qui
652 2480 720 2523 rem
742 2463 913 2546 possidet,
934 2463 1070 2546 ιῖὁιιιιάΙ
1094 2479 1172 2536 eues
1195 2473 1285 2562 inju-
1407 2499 1408 2564 ᾗ

172 2527 277 2602 stura,
300 2532 482 2608 προςωιιολ
494 2534 575 2621 ιψία
587 2563 688 2627 penes
705 2547 848 2632 partium
864 2551 1051 2618 studiosum
1066 2492 1162 2623 idom.
1174 2557 1206 2634 2,
1218 2561 1285 2641 11..
1407 2629 1408 2632 ,

172 2600 332 2690 ἐμπειρία
353 2633 454 2696 penes
479 2622 649 2690 sollertem
665 2630 840 2700 Demostb.
856 2634 979 2705 decor.
993 2639 1068 2720 318,
1083 2641 1135 2709 13.
1158 2643 1284 2725 Beleia„

169 2690 303 2755 victorio
322 2701 425 2784 penes
448 2705 607 2774 victorem
627 2711 702 2782 Liv.
715 2716 777 2796 42,
791 2719 858 2786 29..
902 2719 988 2786 lllire
1010 2724 1115 2808 igitur
1137 2727 1213 2794 dW.
1235 2729 1283 2794 ei-

79 2792 86 2816 ι
170 2772 251 2838 llum
265 2777 496 2872 (injustitiam)
509 2815 571 2878 pro
588 2799 765 2866 actionibus
779 2803 920 2895 (injuste
935 2809 1066 2892 lactis),
1088 2833 1170 2898 qrrac
1187 2821 1220 2877 tc
1234 2823 1282 2880 vl·

169 2857 216 2921 tio
229 2859 379 2931 lacerare
392 2877 577 2961 ostendent,
601 2881 632 2949 b.
646 2883 667 2952 l.
690 2888 835 2971 positum
849 2913 924 2956 csse
940 2895 1138 2963 observavit.
1185 2895 1282 2986 luja-

169 2951 255 3018 stum
274 2947 379 3015 Dema
398 2977 488 3041 csse,
513 2963 599 3048 quod
617 2969 766 3037 homines
782 2985 904 3042 temere
919 2976 1067 3044 delectos
1082 2983 1156 3045 beet
1178 3004 1207 3050 r.
1224 2988 1281 3052 11.

34 3067 37 3075 .
93 3063 106 3100 9
168 3029 295 3110 -13.,
325 3037 458 3107 fortiter
483 3046 522 3117 Ι).
543 3063 643 3135 negat
666 3057 726 3142 (μὴ
748 3056 905 3144 γένοιτο),
936 3083 1043 3150 neque
1073 3081 1173 3150 negat
1204 3083 1279 3134 tan-

168 3117 353 3200 tummodo,
377 3125 550 3198 sedetiam
573 3147 662 3203 recle
685 3163 721 3204 se
737 3164 857 3226 negare
875 3147 990 3212 idoneo
1006 3158 1200 3234 argumento
1218 3155 1279 3219 do-

132 3267 134 3282 ,
163 3207 219 3259 ‘cot
234 3220 264 3270 r.
281 3205 344 3271 15..
390 3209 475 3278 Nam
500 3240 577 3286 voce
596 3218 660 3310 γάρ
676 3247 707 3293 v.
724 3228 776 3295 15.
790 3228 836 3312 μὴ
849 3230 977 3311 γένοιτο
998 3237 1187 3304 confirmari
1209 3263 1279 3306 ma-
1316 3291 1319 3294 -

97 3295 98 3300 ¹
166 3283 321 3351 nilestum
340 3305 403 3360 est.
448 3299 590 3370 Temere
608 3309 819 3377 chmcnnns
836 3315 893 3397 (cl.
910 3318 1008 3382 otiam
1022 3321 1116 3407 Oriq.
1138 3323 1181 3387 ad
1203 3324 1238 3394 h.
1252 3328 1278 3392 1.

166 3377 198 3428 et
212 3369 375 3440 &tarr-lam
389 3379 514 3467 Opuso.
531 3388 581 3471 ll,
600 3393 694 3478 239.)
713 3415 745 3463 v.
761 3399 813 3466 15.
828 3437 869 3448 —-
883 3403 936 3469 21.
952 3425 1015 3468 non
1034 3404 1194 3490 Paulum,
1216 3411 1278 3474 sed

119 3505 120 3508 ,
144 3532 146 3536 .
165 3447 263 3518 Pauli
280 3459 503 3536 adversarium
521 3477 630 3541 nescio
647 3499 762 3565 quem,
792 3484 849 3570 qui
864 3487 924 3551 lati
941 3493 1173 3557 necessitatem
1189 3498 1277 3580 acri-

108 3616 111 3620 ,
164 3545 216 3598 ter
236 3539 408 3630 defendat,
440 3555 599 3626 dicentem
623 3561 736 3631 induci
757 3570 807 3652 (at
822 3567 928 3652 Masi,
951 3573 1080 3661 inquis,
1104 3577 1283 3648 Deusdi-.

164 3622 210 3685 cit
224 3631 303 3712 etc.)
317 3643 457 3722 eumque
472 3638 505 3710 v,
518 3647 572 3714 22.
590 3667 642 3733 sq.
661 3651 702 3716 ab
716 3657 786 3740 Ap.
801 3656 941 3721 relutari
957 3663 1075 3732 statuit
1094 3665 1144 3748 (r.
1163 3663 1276 3754 Wolf„

161 3705 349 3788 Noesscltus
378 3742 409 3808 p.
434 3728 506 3794 165.
530 3754 580 3818 sq.
604 3744 639 3797 et
661 3735 839 3820 Thelanem).
890 3743 975 3808 Nam
998 3743 1027 3812 1.
1056 3745 1119 3834 γάρ
1144 3749 1275 3820 obstat:

162 3787 267 3859 ἀλλὰ
288 3799 376 3884 λέγει
390 3813 438 3892 uqi
452 3815 589 3904 Μωῦσῇ
609 3841 637 3884 ε.
659 3817 729 3884 nll'
751 3821 928 3907 desierunt·
955 3829 1002 3915 τῷ
1023 3835 1274 3921 Μωῦσῇ.λέγει

149 3878 332 3948 'dicendum
350 3889 470 3963 luerat.
514 3901 643 3966 Deinde
657 3904 708 3971 ll.
722 3908 753 3972 si
769 3907 870 3979 ita'l’.
886 3915 1087 4001 scripsisset,
1103 3939 1134 3985 v.
1151 3920 1204 3986 15.
1219 3944 1271 4008 sq.

159 3983 223 4027 non
248 3969 360 4036 latalis
380 3987 563 4051 necessitas
583 3989 835 4076 defenderetur,
862 4000 919 4062 sed
932 4023 1011 4082 srcrre
1024 4001 1187 4086 injustum
1203 4029 1273 4074 esse

158 4047 265 4115 Deum
285 4076 316 4121 r.
342 4059 393 4126 14.
414 4066 598 4139 doceretur.
643 4075 730 4140 Tum
746 4077 816 4147 lll.
841 4105 904 4146 aron
920 4083 1003 4148 satis
1016 4094 1104 4166 erat,
1129 4085 1270 4156 Paulum

151 4145 244 4236 *qnae
264 4161 400 4224 ariagnae
423 4154 597 4222 oll'easioni
619 4173 709 4226 esser
736 4169 933 4236 seutentiam
959 4169 1119 4236 detestari
1146 4177 1178 4241 d.
1204 4179 1271 4260 14,

156 4237 222 4284 urar
245 4246 314 4340 earn
338 4238 437 4300 etiarm
459 4243 614 4310 relellcre
634 4258 820 4316 conaretur.
867 4252 920 4318 lta
935 4266 1023 4320 recte
1039 4256 1119 4322 lacit
1134 4261 1221 4325 alias
1239 4262 1271 4346 3,
