<?xml version="1.0" encoding="UTF-8"?>
<!DOCTYPE html PUBLIC "-//W3C//DTD XHTML 1.0 Transitional//EN"
    "http://www.w3.org/TR/xhtml1/DTD/xhtml1-transitional.dtd">
<html xmlns="http://www.w3.org/1999/xhtml" xml:lang="en" lang="en">
 <head>
  <title>
</title>
<meta http-equiv="Content-Type" content="text/html;charset=utf-8" />
  <meta name='ocr-system' content='tesseract 3.04.00' />
  <meta name='ocr-capabilities' content='ocr_page ocr_carea ocr_par ocr_line ocrx_word'/>
</head>
<body>
  <div class='ocr_page' id='page_1' title='image "./pauliadromanose00fritgoog_0142.png"; bbox 0 0 2806 5054; ppageno 0'>
   <div class='ocr_carea' id='block_1_1' title="bbox 298 379 1165 502">
    <p class='ocr_par' dir='ltr' id='par_1_1' title="bbox 298 379 1165 502">
     <span class='ocr_line' id='line_1_1' title="bbox 298 379 1165 502; baseline 0.006 -18"><span class='ocrx_word' id='word_1_1' title='bbox 298 486 300 494; x_wconf 21' lang='lat' dir='ltr'><em>s</em></span> <span class='ocrx_word' id='word_1_2' title='bbox 379 410 848 502; x_wconf 52' lang='lat' dir='ltr'><strong>cucurreram..</strong></span> <span class='ocrx_word' id='word_1_3' title='bbox 1059 379 1063 392; x_wconf 79' lang='grc'><strong><em>’</em></strong></span> <span class='ocrx_word' id='word_1_4' title='bbox 1101 419 1165 489; x_wconf 83' lang='lat' dir='ltr'><strong>reo</strong></span> 
     </span>
    </p>
   </div>
   <div class='ocr_carea' id='block_1_2' title="bbox 80 542 1259 1090">
    <p class='ocr_par' dir='ltr' id='par_1_2' title="bbox 80 542 1259 1090">
     <span class='ocr_line' id='line_1_2' title="bbox 81 542 1162 658; baseline -0.003 -12"><span class='ocrx_word' id='word_1_5' title='bbox 81 567 328 646; x_wconf 69' lang='lat' dir='ltr'><strong>essentessent</strong></span> <span class='ocrx_word' id='word_1_6' title='bbox 348 575 480 657; x_wconf 74' lang='grc' dir='ltr'><strong><em>πνεῦμα</em></strong></span> <span class='ocrx_word' id='word_1_7' title='bbox 493 542 804 658; x_wconf 72' lang='lat' dir='ltr'><strong>macedonianorum</strong></span> <span class='ocrx_word' id='word_1_8' title='bbox 825 573 1062 642; x_wconf 70' lang='lat' dir='ltr'><strong>correctionem</strong></span> <span class='ocrx_word' id='word_1_9' title='bbox 1084 599 1162 644; x_wconf 88' lang='lat' dir='ltr'><strong>essa</strong></span> 
     </span>
     <span class='ocr_line' id='line_1_3' title="bbox 82 659 1254 764; baseline 0 -36"><span class='ocrx_word' id='word_1_10' title='bbox 82 664 216 752; x_wconf 75' lang='lat' dir='ltr'><strong>opinatur</strong></span> <span class='ocrx_word' id='word_1_11' title='bbox 235 659 308 744; x_wconf 81' lang='lat' dir='ltr'><strong>(il).</strong></span> <span class='ocrx_word' id='word_1_12' title='bbox 345 659 466 763; x_wconf 35' lang='lat' dir='ltr'><strong>&#39;lirici</strong></span> <span class='ocrx_word' id='word_1_13' title='bbox 489 660 692 764; x_wconf 70' lang='lat' dir='ltr'><strong>etllleyerus</strong></span> <span class='ocrx_word' id='word_1_14' title='bbox 713 660 904 763; x_wconf 73' lang='lat' dir='ltr'><strong>(lenitivum</strong></span> <span class='ocrx_word' id='word_1_15' title='bbox 924 661 1160 728; x_wconf 85' lang='lat' dir='ltr'><strong>catholicorum</strong></span> <span class='ocrx_word' id='word_1_16' title='bbox 1247 727 1254 737; x_wconf 91' lang='grc'>,</span> 
     </span>
     <span class='ocr_line' id='line_1_4' title="bbox 80 743 1164 918; baseline 0.001 -20"><span class='ocrx_word' id='word_1_17' title='bbox 80 743 1164 918; x_wconf 51' lang='lat' dir='ltr'><strong>libitibussittitttztttlnlttsslt&#39;lnttittt</strong></span> 
     </span>
     <span class='ocr_line' id='line_1_5' title="bbox 81 916 1259 1006; baseline 0.004 -25"><span class='ocrx_word' id='word_1_18' title='bbox 81 919 146 997; x_wconf 90' lang='lat' dir='ltr'><strong>bus,</strong></span> <span class='ocrx_word' id='word_1_19' title='bbox 171 917 226 1004; x_wconf 89' lang='lat' dir='ltr'><strong>qui</strong></span> <span class='ocrx_word' id='word_1_20' title='bbox 249 925 327 994; x_wconf 82' lang='lat' dir='ltr'><strong>ante</strong></span> <span class='ocrx_word' id='word_1_21' title='bbox 347 916 530 999; x_wconf 81' lang='lat' dir='ltr'><strong>vixissent,</strong></span> <span class='ocrx_word' id='word_1_22' title='bbox 556 925 593 982; x_wconf 92' lang='lat' dir='ltr'><strong>ut</strong></span> <span class='ocrx_word' id='word_1_23' title='bbox 616 917 779 984; x_wconf 86' lang='lat' dir='ltr'><strong>Clementi</strong></span> <span class='ocrx_word' id='word_1_24' title='bbox 800 917 879 999; x_wconf 73' lang='lat' dir='ltr'><strong>An,</strong></span> <span class='ocrx_word' id='word_1_25' title='bbox 915 917 1032 1006; x_wconf 86' lang='lat' dir='ltr'><strong>cupide</strong></span> <span class='ocrx_word' id='word_1_26' title='bbox 1053 919 1095 984; x_wconf 88' lang='lat' dir='ltr'><strong>ab</strong></span> <span class='ocrx_word' id='word_1_27' title='bbox 1118 921 1162 986; x_wconf 89' lang='lat' dir='ltr'><strong>iis</strong></span> <span class='ocrx_word' id='word_1_28' title='bbox 1252 973 1259 986; x_wconf 78' lang='grc'>.</span> 
     </span>
     <span class='ocr_line' id='line_1_6' title="bbox 80 1001 1164 1090; baseline 0.002 -22"><span class='ocrx_word' id='word_1_29' title='bbox 80 1001 220 1068; x_wconf 85' lang='lat' dir='ltr'><strong>subditam</strong></span> <span class='ocrx_word' id='word_1_30' title='bbox 237 1023 313 1067; x_wconf 88' lang='lat' dir='ltr'><strong>esse</strong></span> <span class='ocrx_word' id='word_1_31' title='bbox 334 1002 522 1090; x_wconf 88' lang='lat' dir='ltr'><strong>perbibent.</strong></span> <span class='ocrx_word' id='word_1_32' title='bbox 566 1005 617 1068; x_wconf 86' lang='lat' dir='ltr'><strong>At</strong></span> <span class='ocrx_word' id='word_1_33' title='bbox 639 1002 818 1067; x_wconf 89' lang='lat' dir='ltr'><strong>catbeliees</strong></span> <span class='ocrx_word' id='word_1_34' title='bbox 834 1002 1022 1068; x_wconf 86' lang='lat' dir='ltr'><strong>Genitivum</strong></span> <span class='ocrx_word' id='word_1_35' title='bbox 1043 1003 1077 1070; x_wconf 91' lang='lat' dir='ltr'><strong>in</strong></span> <span class='ocrx_word' id='word_1_36' title='bbox 1092 1006 1164 1073; x_wconf 68' lang='lat' dir='ltr'><strong>Ae:</strong></span> 
     </span>
    </p>
   </div>
   <div class='ocr_carea' id='block_1_3' title="bbox 80 1085 1295 1178">
    <p class='ocr_par' dir='ltr' id='par_1_3' title="bbox 80 1085 1295 1178">
     <span class='ocr_line' id='line_1_7' title="bbox 80 1085 1295 1178; baseline 0.005 -28"><span class='ocrx_word' id='word_1_37' title='bbox 80 1087 199 1152; x_wconf 82' lang='lat' dir='ltr'><strong>cusatiri</strong></span> <span class='ocrx_word' id='word_1_38' title='bbox 219 1088 328 1153; x_wconf 90' lang='lat' dir='ltr'><strong>lecum</strong></span> <span class='ocrx_word' id='word_1_39' title='bbox 349 1085 581 1154; x_wconf 75' lang='lat' dir='ltr'><strong>fraudulenter</strong></span> <span class='ocrx_word' id='word_1_40' title='bbox 601 1087 820 1153; x_wconf 78' lang='lat' dir='ltr'><strong>substituisse</strong></span> <span class='ocrx_word' id='word_1_41' title='bbox 838 1087 1053 1155; x_wconf 81' lang='lat' dir='ltr'><strong>Macedoniae</strong></span> <span class='ocrx_word' id='word_1_42' title='bbox 1073 1090 1162 1178; x_wconf 79' lang='lat' dir='ltr'><strong>apud</strong></span> <span class='ocrx_word' id='word_1_43' title='bbox 1292 1115 1295 1121; x_wconf 88' lang='lat'>·</span> 
     </span>
    </p>
   </div>
   <div class='ocr_carea' id='block_1_4' title="bbox 30 1172 1248 3050">
    <p class='ocr_par' dir='ltr' id='par_1_4' title="bbox 30 1172 1192 1604">
     <span class='ocr_line' id='line_1_8' title="bbox 80 1172 1162 1262; baseline 0.005 -25"><span class='ocrx_word' id='word_1_44' title='bbox 80 1173 236 1237; x_wconf 84' lang='lat' dir='ltr'><strong>Maximum</strong></span> <span class='ocrx_word' id='word_1_45' title='bbox 252 1195 316 1238; x_wconf 93' lang='lat' dir='ltr'><strong>nen</strong></span> <span class='ocrx_word' id='word_1_46' title='bbox 332 1172 520 1254; x_wconf 82' lang='lat' dir='ltr'><strong>contendit3</strong></span> <span class='ocrx_word' id='word_1_47' title='bbox 542 1172 627 1239; x_wconf 84' lang='lat' dir='ltr'><strong>illud</strong></span> <span class='ocrx_word' id='word_1_48' title='bbox 642 1173 803 1255; x_wconf 82' lang='lat' dir='ltr'><strong>affirmat,</strong></span> <span class='ocrx_word' id='word_1_49' title='bbox 825 1173 937 1262; x_wconf 89' lang='lat' dir='ltr'><strong>inepte</strong></span> <span class='ocrx_word' id='word_1_50' title='bbox 950 1174 1061 1240; x_wconf 82' lang='lat' dir='ltr'><strong>illese</strong></span> <span class='ocrx_word' id='word_1_51' title='bbox 1078 1196 1162 1262; x_wconf 80' lang='lat' dir='ltr'><strong>pau·</strong></span> 
     </span>
     <span class='ocr_line' id='line_1_9' title="bbox 79 1256 1192 1408; baseline 0.004 -87"><span class='ocrx_word' id='word_1_52' title='bbox 79 1259 121 1321; x_wconf 90' lang='lat' dir='ltr'><strong>ris</strong></span> <span class='ocrx_word' id='word_1_53' title='bbox 140 1257 213 1326; x_wconf 77' lang='lat' dir='ltr'><strong>Cli.</strong></span> <span class='ocrx_word' id='word_1_54' title='bbox 241 1260 467 1343; x_wconf 87' lang='lat' dir='ltr'><strong>argumentari</strong></span> <span class='ocrx_word' id='word_1_55' title='bbox 496 1259 607 1348; x_wconf 88' lang='lat' dir='ltr'><strong>iisque</strong></span> <span class='ocrx_word' id='word_1_56' title='bbox 628 1259 796 1408; x_wconf 88' lang='lat' dir='ltr'><strong>corruptis</strong></span> <span class='ocrx_word' id='word_1_57' title='bbox 818 1256 1161 1326; x_wconf 78' lang='lat' dir='ltr'><strong>nen¹ertbedexerum</strong></span> <span class='ocrx_word' id='word_1_58' title='bbox 1189 1258 1192 1268; x_wconf 80' lang='grc'><strong><em>’</em></strong></span> 
     </span>
     <span class='ocr_line' id='line_1_10' title="bbox 78 1341 707 1424; baseline 0.002 -16"><span class='ocrx_word' id='word_1_59' title='bbox 78 1341 210 1424; x_wconf 59' lang='lat' dir='ltr'><strong>melitii,</strong></span> <span class='ocrx_word' id='word_1_60' title='bbox 223 1342 281 1419; x_wconf 80' lang='lat' dir='ltr'><strong>secl</strong></span> <span class='ocrx_word' id='word_1_61' title='bbox 295 1345 509 1411; x_wconf 84' lang='lat' dir='ltr'><strong>librariorum</strong></span> <span class='ocrx_word' id='word_1_62' title='bbox 525 1344 653 1410; x_wconf 77' lang='lat' dir='ltr'><strong>incuriai</strong></span> <span class='ocrx_word' id='word_1_63' title='bbox 674 1350 707 1409; x_wconf 92' lang='lat' dir='ltr'><strong>et</strong></span> 
     </span>
     <span class='ocr_line' id='line_1_11' title="bbox 78 1421 1163 1517; baseline 0.005 -25"><span class='ocrx_word' id='word_1_64' title='bbox 78 1449 132 1492; x_wconf 90' lang='lat' dir='ltr'><strong>non</strong></span> <span class='ocrx_word' id='word_1_65' title='bbox 141 1421 213 1516; x_wconf 81' lang='grc' dir='ltr'><strong><em>παρ’</em></strong></span> <span class='ocrx_word' id='word_1_66' title='bbox 227 1423 322 1512; x_wconf 77' lang='grc' dir='ltr'><strong><em>ὑμῶν</em></strong></span> <span class='ocrx_word' id='word_1_67' title='bbox 340 1429 445 1509; x_wconf 69' lang='lat' dir='ltr'><strong>dixita</strong></span> <span class='ocrx_word' id='word_1_68' title='bbox 473 1423 505 1497; x_wconf 67' lang='lat' dir='ltr'><strong>i.</strong></span> <span class='ocrx_word' id='word_1_69' title='bbox 527 1432 657 1517; x_wconf 79' lang='lat' dir='ltr'><strong>supra).</strong></span> <span class='ocrx_word' id='word_1_70' title='bbox 708 1429 870 1512; x_wconf 85' lang='lat' dir='ltr'><strong>Accedit,</strong></span> <span class='ocrx_word' id='word_1_71' title='bbox 899 1429 986 1517; x_wconf 85' lang='lat' dir='ltr'><strong>qued</strong></span> <span class='ocrx_word' id='word_1_72' title='bbox 1006 1431 1163 1497; x_wconf 90' lang='lat' dir='ltr'><strong>catbelici</strong></span> 
     </span>
     <span class='ocr_line' id='line_1_12' title="bbox 30 1512 1164 1604; baseline 0 -22"><span class='ocrx_word' id='word_1_73' title='bbox 30 1575 31 1582; x_wconf 71' lang='grc'>,</span> <span class='ocrx_word' id='word_1_74' title='bbox 78 1512 239 1599; x_wconf 90' lang='lat' dir='ltr'><strong>inprobum</strong></span> <span class='ocrx_word' id='word_1_75' title='bbox 260 1514 389 1579; x_wconf 90' lang='lat' dir='ltr'><strong>lacinus</strong></span> <span class='ocrx_word' id='word_1_76' title='bbox 404 1514 527 1580; x_wconf 76' lang='lat' dir='ltr'><strong>andare</strong></span> <span class='ocrx_word' id='word_1_77' title='bbox 543 1517 596 1580; x_wconf 85' lang='lat' dir='ltr'><strong>rix</strong></span> <span class='ocrx_word' id='word_1_78' title='bbox 610 1521 803 1602; x_wconf 85' lang='lat' dir='ltr'><strong>potuerunt,</strong></span> <span class='ocrx_word' id='word_1_79' title='bbox 823 1514 902 1602; x_wconf 86' lang='lat' dir='ltr'><strong>quin</strong></span> <span class='ocrx_word' id='word_1_80' title='bbox 944 1536 1045 1580; x_wconf 86' lang='lat' dir='ltr'><strong>eonas</strong></span> <span class='ocrx_word' id='word_1_81' title='bbox 1059 1538 1164 1604; x_wconf 85' lang='lat' dir='ltr'><strong>pneu-</strong></span> 
     </span>
    </p>

    <p class='ocr_par' dir='ltr' id='par_1_5' title="bbox 30 1536 1168 2433">
     <span class='ocr_line' id='line_1_13' title="bbox 79 1536 1164 1689; baseline 0.005 -29"><span class='ocrx_word' id='word_1_82' title='bbox 79 1600 271 1664; x_wconf 87' lang='lat' dir='ltr'><strong>matomachis</strong></span> <span class='ocrx_word' id='word_1_83' title='bbox 293 1600 418 1684; x_wconf 75' lang='lat' dir='ltr'><strong>denelae</strong></span> <span class='ocrx_word' id='word_1_84' title='bbox 442 1601 725 1689; x_wconf 78' lang='lat' dir='ltr'><strong>pertimescerent.</strong></span> <span class='ocrx_word' id='word_1_85' title='bbox 771 1599 813 1664; x_wconf 88' lang='lat' dir='ltr'><strong>Et</strong></span> <span class='ocrx_word' id='word_1_86' title='bbox 828 1608 865 1666; x_wconf 90' lang='lat' dir='ltr'><strong>ut</strong></span> <span class='ocrx_word' id='word_1_87' title='bbox 879 1623 897 1664; x_wconf 88' lang='lat' dir='ltr'><strong>a</strong></span> <span class='ocrx_word' id='word_1_88' title='bbox 912 1536 1028 1666; x_wconf 58' lang='lat' dir='ltr'><strong>baudo</strong></span> <span class='ocrx_word' id='word_1_89' title='bbox 1045 1611 1079 1667; x_wconf 89' lang='lat' dir='ltr'><strong>et</strong></span> <span class='ocrx_word' id='word_1_90' title='bbox 1092 1623 1164 1667; x_wconf 86' lang='lat' dir='ltr'><strong>sca-</strong></span> 
     </span>
     <span class='ocr_line' id='line_1_14' title="bbox 78 1685 1164 1773; baseline 0.006 -29"><span class='ocrx_word' id='word_1_91' title='bbox 78 1685 135 1746; x_wconf 85' lang='lat' dir='ltr'><strong>lere</strong></span> <span class='ocrx_word' id='word_1_92' title='bbox 160 1706 220 1747; x_wconf 92' lang='lat' dir='ltr'><strong>nen</strong></span> <span class='ocrx_word' id='word_1_93' title='bbox 249 1685 504 1768; x_wconf 83' lang='lat' dir='ltr'><strong>abhorruerint,</strong></span> <span class='ocrx_word' id='word_1_94' title='bbox 536 1697 644 1750; x_wconf 89' lang='lat' dir='ltr'><strong>tamen</strong></span> <span class='ocrx_word' id='word_1_95' title='bbox 664 1707 705 1750; x_wconf 92' lang='lat' dir='ltr'><strong>ne</strong></span> <span class='ocrx_word' id='word_1_96' title='bbox 725 1687 835 1772; x_wconf 69' lang='lat' dir='ltr'><strong>scelus</strong></span> <span class='ocrx_word' id='word_1_97' title='bbox 859 1685 993 1773; x_wconf 87' lang='lat' dir='ltr'><strong>quidem</strong></span> <span class='ocrx_word' id='word_1_98' title='bbox 1015 1687 1088 1751; x_wconf 90' lang='lat' dir='ltr'><strong>sine</strong></span> <span class='ocrx_word' id='word_1_99' title='bbox 1108 1701 1164 1752; x_wconf 82' lang='lat' dir='ltr'><strong>ra-</strong></span> 
     </span>
     <span class='ocr_line' id='line_1_15' title="bbox 30 1770 1163 1858; baseline 0.004 -27"><span class='ocrx_word' id='word_1_100' title='bbox 30 1813 31 1820; x_wconf 40' lang='lat'>1</span> <span class='ocrx_word' id='word_1_101' title='bbox 77 1770 149 1832; x_wconf 88' lang='lat' dir='ltr'><strong>tiene</strong></span> <span class='ocrx_word' id='word_1_102' title='bbox 162 1771 320 1836; x_wconf 87' lang='lat' dir='ltr'><strong>committi</strong></span> <span class='ocrx_word' id='word_1_103' title='bbox 336 1773 432 1852; x_wconf 87' lang='lat' dir='ltr'><strong>solet,</strong></span> <span class='ocrx_word' id='word_1_104' title='bbox 454 1793 560 1858; x_wconf 87' lang='lat' dir='ltr'><strong>neque</strong></span> <span class='ocrx_word' id='word_1_105' title='bbox 574 1772 671 1835; x_wconf 89' lang='lat' dir='ltr'><strong>lecile</strong></span> <span class='ocrx_word' id='word_1_106' title='bbox 688 1771 850 1858; x_wconf 85' lang='lat' dir='ltr'><strong>reperias,</strong></span> <span class='ocrx_word' id='word_1_107' title='bbox 873 1771 932 1857; x_wconf 90' lang='lat' dir='ltr'><strong>qui</strong></span> <span class='ocrx_word' id='word_1_108' title='bbox 945 1792 1017 1836; x_wconf 86' lang='lat' dir='ltr'><strong>curn</strong></span> <span class='ocrx_word' id='word_1_109' title='bbox 1034 1773 1163 1838; x_wconf 83' lang='lat' dir='ltr'><strong>scelere</strong></span> 
     </span>
     <span class='ocr_line' id='line_1_16' title="bbox 79 1855 1165 1960; baseline 0.006 -43"><span class='ocrx_word' id='word_1_110' title='bbox 79 1875 133 1918; x_wconf 88' lang='lat' dir='ltr'><strong>ren</strong></span> <span class='ocrx_word' id='word_1_111' title='bbox 149 1857 317 1938; x_wconf 90' lang='lat' dir='ltr'><strong>obtinere,</strong></span> <span class='ocrx_word' id='word_1_112' title='bbox 346 1879 441 1944; x_wconf 87' lang='lat' dir='ltr'><strong>quam</strong></span> <span class='ocrx_word' id='word_1_113' title='bbox 466 1858 603 1920; x_wconf 86' lang='lat' dir='ltr'><strong>honeste</strong></span> <span class='ocrx_word' id='word_1_114' title='bbox 625 1858 750 1944; x_wconf 88' lang='lat' dir='ltr'><strong>optatis</strong></span> <span class='ocrx_word' id='word_1_115' title='bbox 772 1855 876 1946; x_wconf 90' lang='lat' dir='ltr'><strong>potiri</strong></span> <span class='ocrx_word' id='word_1_116' title='bbox 897 1857 1003 1923; x_wconf 89' lang='lat' dir='ltr'><strong>malit.</strong></span> <span class='ocrx_word' id='word_1_117' title='bbox 1052 1857 1165 1960; x_wconf 77' lang='lat' dir='ltr'><strong>Atqui</strong></span> 
     </span>
     <span class='ocr_line' id='line_1_17' title="bbox 79 1939 1167 2031; baseline 0.006 -30"><span class='ocrx_word' id='word_1_118' title='bbox 79 1939 161 2022; x_wconf 89' lang='lat' dir='ltr'><strong>locis,</strong></span> <span class='ocrx_word' id='word_1_119' title='bbox 188 1942 245 2028; x_wconf 85' lang='lat' dir='ltr'><strong>qui</strong></span> <span class='ocrx_word' id='word_1_120' title='bbox 265 1941 408 2007; x_wconf 83' lang='lat' dir='ltr'><strong>divinam</strong></span> <span class='ocrx_word' id='word_1_121' title='bbox 427 1943 569 2031; x_wconf 90' lang='lat' dir='ltr'><strong>spiritus</strong></span> <span class='ocrx_word' id='word_1_122' title='bbox 590 1964 618 2009; x_wconf 85' lang='lat' dir='ltr'><strong>s.</strong></span> <span class='ocrx_word' id='word_1_123' title='bbox 642 1952 794 2006; x_wconf 89' lang='lat' dir='ltr'><strong>naturam</strong></span> <span class='ocrx_word' id='word_1_124' title='bbox 815 1939 1014 2028; x_wconf 88' lang='lat' dir='ltr'><strong>probarent,</strong></span> <span class='ocrx_word' id='word_1_125' title='bbox 1041 1963 1078 2008; x_wconf 89' lang='lat' dir='ltr'><strong>se</strong></span> <span class='ocrx_word' id='word_1_126' title='bbox 1100 1963 1167 2007; x_wconf 83' lang='lat' dir='ltr'><strong>err·</strong></span> 
     </span>
     <span class='ocr_line' id='line_1_18' title="bbox 30 2025 1166 2115; baseline 0.005 -29"><span class='ocrx_word' id='word_1_127' title='bbox 30 2049 31 2052; x_wconf 41' lang='lat'>¹</span> <span class='ocrx_word' id='word_1_128' title='bbox 80 2025 250 2108; x_wconf 88' lang='lat' dir='ltr'><strong>rnmllecre,</strong></span> <span class='ocrx_word' id='word_1_129' title='bbox 273 2028 330 2112; x_wconf 86' lang='lat' dir='ltr'><strong>qui</strong></span> <span class='ocrx_word' id='word_1_130' title='bbox 345 2029 499 2115; x_wconf 86' lang='lat' dir='ltr'><strong>spiritum</strong></span> <span class='ocrx_word' id='word_1_131' title='bbox 516 2049 544 2094; x_wconf 87' lang='lat' dir='ltr'><strong>s.</strong></span> <span class='ocrx_word' id='word_1_132' title='bbox 562 2035 597 2092; x_wconf 89' lang='lat' dir='ltr'><strong>et</strong></span> <span class='ocrx_word' id='word_1_133' title='bbox 615 2026 723 2115; x_wconf 91' lang='lat' dir='ltr'><strong>ipsum</strong></span> <span class='ocrx_word' id='word_1_134' title='bbox 747 2025 924 2106; x_wconf 80' lang='grc' dir='ltr'><strong><em>ζωοποιεῖν</em></strong></span> <span class='ocrx_word' id='word_1_135' title='bbox 938 2025 1106 2109; x_wconf 85' lang='lat' dir='ltr'><strong>docerent,</strong></span> <span class='ocrx_word' id='word_1_136' title='bbox 1128 2047 1166 2092; x_wconf 88' lang='lat' dir='ltr'><strong>se</strong></span> 
     </span>
     <span class='ocr_line' id='line_1_19' title="bbox 30 2109 1167 2201; baseline 0.005 -29"><span class='ocrx_word' id='word_1_137' title='bbox 30 2189 31 2198; x_wconf 14' lang='grc' dir='ltr'><strong><em>ρ</em></strong></span> <span class='ocrx_word' id='word_1_138' title='bbox 80 2129 128 2174; x_wconf 92' lang='lat' dir='ltr'><strong>nen</strong></span> <span class='ocrx_word' id='word_1_139' title='bbox 148 2132 256 2176; x_wconf 88' lang='lat' dir='ltr'><strong>carere</strong></span> <span class='ocrx_word' id='word_1_140' title='bbox 278 2113 332 2177; x_wconf 93' lang='lat' dir='ltr'><strong>illi</strong></span> <span class='ocrx_word' id='word_1_141' title='bbox 355 2114 588 2177; x_wconf 83' lang='lat' dir='ltr'><strong>existimarunt</strong></span> <span class='ocrx_word' id='word_1_142' title='bbox 608 2116 655 2197; x_wconf 87' lang='lat' dir='ltr'><strong>(v.</strong></span> <span class='ocrx_word' id='word_1_143' title='bbox 677 2112 808 2201; x_wconf 88' lang='lat' dir='ltr'><strong>supra).</strong></span> <span class='ocrx_word' id='word_1_144' title='bbox 864 2109 984 2199; x_wconf 76' lang='lat' dir='ltr'><strong>ltaque</strong></span> <span class='ocrx_word' id='word_1_145' title='bbox 1006 2113 1092 2177; x_wconf 90' lang='lat' dir='ltr'><strong>male</strong></span> <span class='ocrx_word' id='word_1_146' title='bbox 1112 2112 1167 2178; x_wconf 92' lang='lat' dir='ltr'><strong>illi</strong></span> 
     </span>
     <span class='ocr_line' id='line_1_20' title="bbox 30 2195 1168 2280; baseline 0.005 -23"><span class='ocrx_word' id='word_1_147' title='bbox 30 2253 31 2278; x_wconf 27' lang='grc' dir='ltr'><strong><em>ρ</em></strong></span> <span class='ocrx_word' id='word_1_148' title='bbox 81 2195 190 2279; x_wconf 80' lang='lat' dir='ltr'><strong>qrnidem</strong></span> <span class='ocrx_word' id='word_1_149' title='bbox 205 2205 372 2263; x_wconf 83' lang='lat' dir='ltr'><strong>vetustum</strong></span> <span class='ocrx_word' id='word_1_150' title='bbox 387 2199 539 2263; x_wconf 87' lang='lat' dir='ltr'><strong>mendum</strong></span> <span class='ocrx_word' id='word_1_151' title='bbox 561 2198 594 2262; x_wconf 92' lang='lat' dir='ltr'><strong>in</strong></span> <span class='ocrx_word' id='word_1_152' title='bbox 619 2219 689 2262; x_wconf 89' lang='lat' dir='ltr'><strong>rem</strong></span> <span class='ocrx_word' id='word_1_153' title='bbox 711 2218 804 2262; x_wconf 89' lang='lat' dir='ltr'><strong>suam</strong></span> <span class='ocrx_word' id='word_1_154' title='bbox 827 2203 1080 2280; x_wconf 81' lang='lat' dir='ltr'><strong>converterent,</strong></span> <span class='ocrx_word' id='word_1_155' title='bbox 1107 2195 1168 2263; x_wconf 84' lang='lat' dir='ltr'><strong>sed</strong></span> 
     </span>
     <span class='ocr_line' id='line_1_21' title="bbox 30 2277 1168 2433; baseline 0.007 -92"><span class='ocrx_word' id='word_1_156' title='bbox 30 2279 31 2328; x_wconf 71' lang='lat' dir='ltr'><strong>l</strong></span> <span class='ocrx_word' id='word_1_157' title='bbox 80 2279 147 2344; x_wconf 86' lang='lat' dir='ltr'><strong>bunc</strong></span> <span class='ocrx_word' id='word_1_158' title='bbox 160 2283 183 2350; x_wconf 90' lang='lat' dir='ltr'><strong>l.</strong></span> <span class='ocrx_word' id='word_1_159' title='bbox 198 2290 234 2348; x_wconf 92' lang='lat' dir='ltr'><strong>ut</strong></span> <span class='ocrx_word' id='word_1_160' title='bbox 249 2305 330 2350; x_wconf 89' lang='lat' dir='ltr'><strong>suae</strong></span> <span class='ocrx_word' id='word_1_161' title='bbox 344 2284 491 2372; x_wconf 91' lang='lat' dir='ltr'><strong>opinioni</strong></span> <span class='ocrx_word' id='word_1_162' title='bbox 513 2277 711 2367; x_wconf 77' lang='lat' dir='ltr'><strong>congrueret</strong></span> <span class='ocrx_word' id='word_1_163' title='bbox 730 2298 795 2346; x_wconf 90' lang='lat' dir='ltr'><strong>non</strong></span> <span class='ocrx_word' id='word_1_164' title='bbox 818 2282 985 2348; x_wconf 87' lang='lat' dir='ltr'><strong>malitiose</strong></span> <span class='ocrx_word' id='word_1_165' title='bbox 1005 2303 1168 2433; x_wconf 78' lang='lat' dir='ltr'><strong>concerpe-</strong></span> 
     </span>
    </p>

    <p class='ocr_par' dir='ltr' id='par_1_6' title="bbox 30 2366 1168 2642">
     <span class='ocr_line' id='line_1_22' title="bbox 80 2366 1168 2453; baseline 0.007 -27"><span class='ocrx_word' id='word_1_166' title='bbox 80 2376 150 2433; x_wconf 89' lang='lat' dir='ltr'><strong>runt.</strong></span> <span class='ocrx_word' id='word_1_167' title='bbox 195 2369 253 2434; x_wconf 79' lang='lat' dir='ltr'><strong>Aa</strong></span> <span class='ocrx_word' id='word_1_168' title='bbox 276 2366 318 2439; x_wconf 89' lang='lat' dir='ltr'><strong>P.</strong></span> <span class='ocrx_word' id='word_1_169' title='bbox 338 2369 655 2453; x_wconf 86' lang='lat' dir='ltr'><strong>argumentationem</strong></span> <span class='ocrx_word' id='word_1_170' title='bbox 676 2374 845 2447; x_wconf 82' lang='lat' dir='ltr'><strong>revertor,</strong></span> <span class='ocrx_word' id='word_1_171' title='bbox 872 2389 957 2453; x_wconf 86' lang='lat' dir='ltr'><strong>quae</strong></span> <span class='ocrx_word' id='word_1_172' title='bbox 979 2367 1034 2433; x_wconf 90' lang='lat' dir='ltr'><strong>bis</strong></span> <span class='ocrx_word' id='word_1_173' title='bbox 1054 2369 1099 2435; x_wconf 89' lang='lat' dir='ltr'><strong>tri</strong></span> <span class='ocrx_word' id='word_1_174' title='bbox 1126 2390 1168 2434; x_wconf 88' lang='lat' dir='ltr'><strong>us</strong></span> 
     </span>
     <span class='ocr_line' id='line_1_23' title="bbox 30 2451 1167 2543; baseline 0.007 -32"><span class='ocrx_word' id='word_1_175' title='bbox 30 2495 31 2502; x_wconf 31' lang='lat' dir='ltr'><strong>a</strong></span> <span class='ocrx_word' id='word_1_176' title='bbox 80 2453 231 2518; x_wconf 82' lang='lat' dir='ltr'><strong>sententiis</strong></span> <span class='ocrx_word' id='word_1_177' title='bbox 246 2455 332 2520; x_wconf 83' lang='lat' dir='ltr'><strong>fulta</strong></span> <span class='ocrx_word' id='word_1_178' title='bbox 353 2463 423 2522; x_wconf 86' lang='lat' dir='ltr'><strong>est:</strong></span> <span class='ocrx_word' id='word_1_179' title='bbox 452 2451 483 2522; x_wconf 89' lang='lat' dir='ltr'><strong>l.</strong></span> <span class='ocrx_word' id='word_1_180' title='bbox 507 2461 588 2542; x_wconf 83' lang='lat' dir='ltr'><strong>quet</strong></span> <span class='ocrx_word' id='word_1_181' title='bbox 610 2453 797 2519; x_wconf 90' lang='lat' dir='ltr'><strong>bominibus</strong></span> <span class='ocrx_word' id='word_1_182' title='bbox 816 2451 885 2517; x_wconf 90' lang='lat' dir='ltr'><strong>Dei</strong></span> <span class='ocrx_word' id='word_1_183' title='bbox 907 2453 1048 2543; x_wconf 87' lang='lat' dir='ltr'><strong>spiritus</strong></span> <span class='ocrx_word' id='word_1_184' title='bbox 1071 2455 1167 2536; x_wconf 86' lang='lat' dir='ltr'><strong>insit,</strong></span> 
     </span>
     <span class='ocr_line' id='line_1_24' title="bbox 31 2537 1168 2642; baseline 0.01 -45"><span class='ocrx_word' id='word_1_185' title='bbox 31 2565 32 2574; x_wconf 37' lang='grc' dir='ltr'><strong><em>ν</em></strong></span> <span class='ocrx_word' id='word_1_186' title='bbox 80 2539 289 2612; x_wconf 84' lang='lat' dir='ltr'><strong>tetbeminum</strong></span> <span class='ocrx_word' id='word_1_187' title='bbox 311 2540 507 2629; x_wconf 85' lang='lat' dir='ltr'><strong>corporibus</strong></span> <span class='ocrx_word' id='word_1_188' title='bbox 532 2541 638 2604; x_wconf 87' lang='lat' dir='ltr'><strong>Deum</strong></span> <span class='ocrx_word' id='word_1_189' title='bbox 659 2540 761 2606; x_wconf 85' lang='lat' dir='ltr'><strong>vitam</strong></span> <span class='ocrx_word' id='word_1_190' title='bbox 783 2537 926 2642; x_wconf 66' lang='lat' dir='ltr'><strong>reddere</strong></span> <span class='ocrx_word' id='word_1_191' title='bbox 945 2539 1086 2605; x_wconf 88' lang='lat' dir='ltr'><strong>mortuis</strong></span> <span class='ocrx_word' id='word_1_192' title='bbox 1106 2540 1168 2626; x_wconf 64' lang='lat' dir='ltr'><strong>(eft</strong></span> 
     </span>
    </p>

    <p class='ocr_par' dir='ltr' id='par_1_7' title="bbox 31 2620 1248 3050">
     <span class='ocr_line' id='line_1_25' title="bbox 80 2620 1248 2714; baseline 0.008 -32"><span class='ocrx_word' id='word_1_193' title='bbox 80 2621 175 2687; x_wconf 91' lang='lat' dir='ltr'><strong>ultima</strong></span> <span class='ocrx_word' id='word_1_194' title='bbox 191 2646 240 2693; x_wconf 87' lang='lat' dir='ltr'><strong>rs.</strong></span> <span class='ocrx_word' id='word_1_195' title='bbox 254 2647 285 2691; x_wconf 86' lang='lat' dir='ltr'><strong>v.</strong></span> <span class='ocrx_word' id='word_1_196' title='bbox 303 2623 412 2691; x_wconf 79' lang='grc' dir='ltr'><strong><em>διὰτὸ</em></strong></span> <span class='ocrx_word' id='word_1_197' title='bbox 428 2622 578 2690; x_wconf 76' lang='grc' dir='ltr'><strong><em>ἐνοικοῦν</em></strong></span> <span class='ocrx_word' id='word_1_198' title='bbox 591 2621 695 2690; x_wconf 79' lang='grc' dir='ltr'><strong><em>αὐτοῦ</em></strong></span> <span class='ocrx_word' id='word_1_199' title='bbox 709 2620 841 2705; x_wconf 83' lang='grc' dir='ltr'><strong><em>πνεῦμα</em></strong></span> <span class='ocrx_word' id='word_1_200' title='bbox 856 2620 890 2688; x_wconf 77' lang='grc' dir='ltr'><strong>ἐν</strong></span> <span class='ocrx_word' id='word_1_201' title='bbox 904 2627 982 2706; x_wconf 83' lang='grc' dir='ltr'><strong><em>υμῖν</em></strong></span> <span class='ocrx_word' id='word_1_202' title='bbox 1000 2645 1073 2690; x_wconf 90' lang='lat' dir='ltr'><strong>eum</strong></span> <span class='ocrx_word' id='word_1_203' title='bbox 1095 2625 1182 2714; x_wconf 83' lang='lat' dir='ltr'><strong>pri-·</strong></span> <span class='ocrx_word' id='word_1_204' title='bbox 1246 2684 1248 2691; x_wconf 93' lang='lat'>.</span> 
     </span>
     <span class='ocr_line' id='line_1_26' title="bbox 81 2703 1167 2799; baseline 0.007 -31"><span class='ocrx_word' id='word_1_205' title='bbox 81 2706 129 2771; x_wconf 88' lang='lat' dir='ltr'><strong>mis</strong></span> <span class='ocrx_word' id='word_1_206' title='bbox 142 2707 170 2775; x_wconf 84' lang='lat' dir='ltr'><strong>ei</strong></span> <span class='ocrx_word' id='word_1_207' title='bbox 191 2711 229 2778; x_wconf 75' lang='lat' dir='ltr'><strong>(ii</strong></span> <span class='ocrx_word' id='word_1_208' title='bbox 243 2747 291 2759; x_wconf 90' lang='lat'>—</span> <span class='ocrx_word' id='word_1_209' title='bbox 303 2707 343 2776; x_wconf 82' lang='grc' dir='ltr'><strong>τὸ</strong></span> <span class='ocrx_word' id='word_1_210' title='bbox 364 2711 494 2792; x_wconf 82' lang='grc' dir='ltr'><strong><em>πνεῦμα</em></strong></span> <span class='ocrx_word' id='word_1_211' title='bbox 508 2747 549 2760; x_wconf 91' lang='lat'><em>-</em></span> <span class='ocrx_word' id='word_1_212' title='bbox 565 2705 652 2799; x_wconf 76' lang='grc' dir='ltr'><strong><em>οἰκεῖ</em></strong></span> <span class='ocrx_word' id='word_1_213' title='bbox 673 2704 709 2774; x_wconf 77' lang='grc' dir='ltr'><strong>ἐν</strong></span> <span class='ocrx_word' id='word_1_214' title='bbox 729 2703 840 2789; x_wconf 55' lang='lat' dir='ltr'><strong>einim:</strong></span> <span class='ocrx_word' id='word_1_215' title='bbox 866 2704 918 2777; x_wconf 89' lang='lat'><strong>11.</strong></span> <span class='ocrx_word' id='word_1_216' title='bbox 935 2707 1064 2776; x_wconf 85' lang='lat' dir='ltr'><strong>Cbristi</strong></span> <span class='ocrx_word' id='word_1_217' title='bbox 1085 2731 1167 2797; x_wconf 87' lang='lat' dir='ltr'><strong>que-</strong></span> 
     </span>
     <span class='ocr_line' id='line_1_27' title="bbox 31 2792 1167 2882; baseline 0.004 -26"><span class='ocrx_word' id='word_1_218' title='bbox 31 2809 32 2832; x_wconf 61' lang='lat'><em>*</em></span> <span class='ocrx_word' id='word_1_219' title='bbox 81 2811 129 2874; x_wconf 84' lang='lat' dir='ltr'><strong>que</strong></span> <span class='ocrx_word' id='word_1_220' title='bbox 142 2815 257 2882; x_wconf 87' lang='lat' dir='ltr'><strong>corpus</strong></span> <span class='ocrx_word' id='word_1_221' title='bbox 273 2796 452 2861; x_wconf 73' lang='lat' dir='ltr'><strong>nen&#39;aliam</strong></span> <span class='ocrx_word' id='word_1_222' title='bbox 467 2794 509 2860; x_wconf 89' lang='lat' dir='ltr'><strong>eb</strong></span> <span class='ocrx_word' id='word_1_223' title='bbox 524 2815 655 2858; x_wconf 89' lang='lat' dir='ltr'><strong>oausam</strong></span> <span class='ocrx_word' id='word_1_224' title='bbox 673 2813 691 2857; x_wconf 90' lang='lat' dir='ltr'><strong>a</strong></span> <span class='ocrx_word' id='word_1_225' title='bbox 710 2793 783 2858; x_wconf 88' lang='lat' dir='ltr'><strong>Dee</strong></span> <span class='ocrx_word' id='word_1_226' title='bbox 799 2792 834 2858; x_wconf 89' lang='lat' dir='ltr'><strong>in</strong></span> <span class='ocrx_word' id='word_1_227' title='bbox 855 2795 956 2859; x_wconf 86' lang='lat' dir='ltr'><strong>vitam</strong></span> <span class='ocrx_word' id='word_1_228' title='bbox 978 2804 1167 2863; x_wconf 83' lang='lat' dir='ltr'><strong>revocatum</strong></span> 
     </span>
     <span class='ocr_line' id='line_1_28' title="bbox 32 2876 1169 3050; baseline 0.001 -22"><span class='ocrx_word' id='word_1_229' title='bbox 32 2879 34 2884; x_wconf 32' lang='lat'>⁵</span> <span class='ocrx_word' id='word_1_230' title='bbox 80 2887 287 3034; x_wconf 60' lang='lat' dir='ltr'><strong>{ttulit</strong></span> <span class='ocrx_word' id='word_1_231' title='bbox 307 2876 1060 3050; x_wconf 65' lang='lat' dir='ltr'><strong>ttl&gt;lllllittltlttitilttttb</strong></span> <span class='ocrx_word' id='word_1_232' title='bbox 1079 2882 1169 3049; x_wconf 66' lang='lat' dir='ltr'><strong>iiii:</strong></span> 
     </span>
    </p>

    <p class='ocr_par' dir='ltr' id='par_1_8' title="bbox 105 3010 526 3050">
     <span class='ocr_line' id='line_1_29' title="bbox 105 3010 526 3050; baseline 0 -18"><span class='ocrx_word' id='word_1_233' title='bbox 105 3010 111 3028; x_wconf 77' lang='grc' dir='ltr'>Ι</span> <span class='ocrx_word' id='word_1_234' title='bbox 142 3010 150 3032; x_wconf 69' lang='lat'>0</span> <span class='ocrx_word' id='word_1_235' title='bbox 283 3013 294 3034; x_wconf 69' lang='grc' dir='ltr'>Ο</span> <span class='ocrx_word' id='word_1_236' title='bbox 328 3016 338 3050; x_wconf 72' lang='lat'>‚</span> <span class='ocrx_word' id='word_1_237' title='bbox 391 3015 400 3033; x_wconf 77' lang='grc' dir='ltr'><strong>ο</strong></span> <span class='ocrx_word' id='word_1_238' title='bbox 425 3016 433 3033; x_wconf 77' lang='grc' dir='ltr'><strong>ο</strong></span> <span class='ocrx_word' id='word_1_239' title='bbox 518 3013 526 3032; x_wconf 81' lang='grc' dir='ltr'>Ι</span> 
     </span>
    </p>
   </div>
   <div class='ocr_carea' id='block_1_5' title="bbox 33 3049 1263 4112">
    <p class='ocr_par' dir='ltr' id='par_1_9' title="bbox 33 3049 1263 4112">
     <span class='ocr_line' id='line_1_30' title="bbox 33 3049 1168 3156; baseline 0.003 -38"><span class='ocrx_word' id='word_1_240' title='bbox 33 3125 35 3156; x_wconf 43' lang='lat'>1</span> <span class='ocrx_word' id='word_1_241' title='bbox 82 3075 148 3122; x_wconf 89' lang='lat' dir='ltr'><strong>num</strong></span> <span class='ocrx_word' id='word_1_242' title='bbox 161 3060 297 3128; x_wconf 86' lang='lat' dir='ltr'><strong>adverte</strong></span> <span class='ocrx_word' id='word_1_243' title='bbox 312 3058 353 3124; x_wconf 87' lang='lat' dir='ltr'><strong>ad</strong></span> <span class='ocrx_word' id='word_1_244' title='bbox 366 3060 507 3145; x_wconf 79' lang='lat' dir='ltr'><strong>logicam</strong></span> <span class='ocrx_word' id='word_1_245' title='bbox 524 3059 705 3142; x_wconf 88' lang='lat' dir='ltr'><strong>rationem,</strong></span> <span class='ocrx_word' id='word_1_246' title='bbox 730 3055 796 3146; x_wconf 74' lang='lat' dir='ltr'><strong>qui</strong></span> <span class='ocrx_word' id='word_1_247' title='bbox 812 3058 884 3127; x_wconf 65' lang='lat' dir='ltr'><strong>mei</strong></span> <span class='ocrx_word' id='word_1_248' title='bbox 895 3097 936 3110; x_wconf 89' lang='lat'>-</span> <span class='ocrx_word' id='word_1_249' title='bbox 951 3049 1168 3139; x_wconf 79' lang='grc' dir='ltr'><strong><em>οἶκεῖένῦμῖκ,</em></strong></span> 
     </span>
     <span class='ocr_line' id='line_1_31' title="bbox 82 3153 1229 3257; baseline -0.006 -27"><span class='ocrx_word' id='word_1_250' title='bbox 82 3153 96 3225; x_wconf 80' lang='grc' dir='ltr'><strong>ὁ</strong></span> <span class='ocrx_word' id='word_1_251' title='bbox 109 3157 237 3257; x_wconf 72' lang='grc' dir='ltr'><strong><em>ἐγείρας</em></strong></span> <span class='ocrx_word' id='word_1_252' title='bbox 250 3159 320 3234; x_wconf 82' lang='grc' dir='ltr'><strong>τὸν</strong></span> <span class='ocrx_word' id='word_1_253' title='bbox 333 3159 501 3256; x_wconf 83' lang='grc' dir='ltr'><strong><em>Χριστὸν</em></strong></span> <span class='ocrx_word' id='word_1_254' title='bbox 516 3163 553 3230; x_wconf 82' lang='grc' dir='ltr'><strong>ἐκ</strong></span> <span class='ocrx_word' id='word_1_255' title='bbox 565 3164 689 3249; x_wconf 79' lang='grc' dir='ltr'><strong><em>νεκρῶν</em></strong></span> <span class='ocrx_word' id='word_1_256' title='bbox 703 3155 917 3252; x_wconf 74' lang='grc' dir='ltr'><strong><em>ζωοποιήσει</em></strong></span> <span class='ocrx_word' id='word_1_257' title='bbox 932 3153 995 3230; x_wconf 84' lang='grc' dir='ltr'><strong>καὶ</strong></span> <span class='ocrx_word' id='word_1_258' title='bbox 1010 3181 1041 3224; x_wconf 82' lang='grc' dir='ltr'><strong>ι.</strong></span> <span class='ocrx_word' id='word_1_259' title='bbox 1060 3160 1116 3224; x_wconf 61' lang='lat' dir='ltr'><strong>ain.</strong></span> <span class='ocrx_word' id='word_1_260' title='bbox 1132 3179 1168 3242; x_wconf 58' lang='grc' dir='ltr'><strong>Χσ.</strong></span> <span class='ocrx_word' id='word_1_261' title='bbox 1226 3223 1229 3244; x_wconf 70' lang='grc'>,</span> 
     </span>
     <span class='ocr_line' id='line_1_32' title="bbox 33 3243 1223 3348; baseline 0 -31"><span class='ocrx_word' id='word_1_262' title='bbox 33 3289 34 3340; x_wconf 25' lang='grc' dir='ltr'><strong><em>ρ</em></strong></span> <span class='ocrx_word' id='word_1_263' title='bbox 80 3243 172 3321; x_wconf 78' lang='lat' dir='ltr'><strong>nisibi</strong></span> <span class='ocrx_word' id='word_1_264' title='bbox 186 3257 422 3348; x_wconf 80' lang='lat' dir='ltr'><strong>respondent).·</strong></span> <span class='ocrx_word' id='word_1_265' title='bbox 459 3256 662 3348; x_wconf 86' lang='lat' dir='ltr'><strong>Hujusmedi</strong></span> <span class='ocrx_word' id='word_1_266' title='bbox 675 3257 780 3340; x_wconf 87' lang='lat' dir='ltr'><strong>igitur</strong></span> <span class='ocrx_word' id='word_1_267' title='bbox 794 3263 846 3322; x_wconf 87' lang='lat' dir='ltr'><strong>est</strong></span> <span class='ocrx_word' id='word_1_268' title='bbox 862 3253 901 3324; x_wconf 85' lang='lat' dir='ltr'><strong>P.</strong></span> <span class='ocrx_word' id='word_1_269' title='bbox 923 3251 1171 3320; x_wconf 61' lang='lat' dir='ltr'><strong>conclusioni</strong></span> <span class='ocrx_word' id='word_1_270' title='bbox 1219 3313 1223 3328; x_wconf 36' lang='lat' dir='ltr'><em>f</em></span> 
     </span>
     <span class='ocr_line' id='line_1_33' title="bbox 33 3336 1170 3434; baseline 0 -33"><span class='ocrx_word' id='word_1_271' title='bbox 33 3349 34 3420; x_wconf 24' lang='grc' dir='ltr'><strong><em>ρ</em></strong></span> <span class='ocrx_word' id='word_1_272' title='bbox 82 3347 170 3406; x_wconf 77' lang='lat' dir='ltr'><strong>nentem</strong></span> <span class='ocrx_word' id='word_1_273' title='bbox 185 3345 323 3428; x_wconf 83' lang='lat' dir='ltr'><strong>spiritns</strong></span> <span class='ocrx_word' id='word_1_274' title='bbox 339 3343 411 3434; x_wconf 89' lang='lat' dir='ltr'><strong>ejus</strong></span> <span class='ocrx_word' id='word_1_275' title='bbox 426 3343 510 3423; x_wconf 90' lang='lat' dir='ltr'><strong>Dei,</strong></span> <span class='ocrx_word' id='word_1_276' title='bbox 533 3342 590 3431; x_wconf 86' lang='lat' dir='ltr'><strong>qui</strong></span> <span class='ocrx_word' id='word_1_277' title='bbox 604 3341 751 3411; x_wconf 87' lang='lat' dir='ltr'><strong>Jesuma</strong></span> <span class='ocrx_word' id='word_1_278' title='bbox 775 3341 915 3408; x_wconf 86' lang='lat' dir='ltr'><strong>mortuis</strong></span> <span class='ocrx_word' id='word_1_279' title='bbox 937 3337 1108 3418; x_wconf 82' lang='lat' dir='ltr'><strong>excitavit,</strong></span> <span class='ocrx_word' id='word_1_280' title='bbox 1134 3336 1170 3402; x_wconf 85' lang='lat' dir='ltr'><strong>in</strong></span> 
     </span>
     <span class='ocr_line' id='line_1_34' title="bbox 34 3417 1221 3524; baseline 0.002 -41"><span class='ocrx_word' id='word_1_281' title='bbox 34 3443 35 3484; x_wconf 74' lang='lat'>1</span> <span class='ocrx_word' id='word_1_282' title='bbox 79 3417 279 3496; x_wconf 75' lang='lat' dir='ltr'><strong>bebielooitot</strong></span> <span class='ocrx_word' id='word_1_283' title='bbox 289 3431 339 3513; x_wconf 88' lang='lat' dir='ltr'><strong>(in</strong></span> <span class='ocrx_word' id='word_1_284' title='bbox 357 3429 457 3493; x_wconf 88' lang='lat' dir='ltr'><strong>vitam</strong></span> <span class='ocrx_word' id='word_1_285' title='bbox 472 3427 556 3493; x_wconf 91' lang='lat' dir='ltr'><strong>enim</strong></span> <span class='ocrx_word' id='word_1_286' title='bbox 568 3427 659 3494; x_wconf 87' lang='lat' dir='ltr'><strong>Deus</strong></span> <span class='ocrx_word' id='word_1_287' title='bbox 674 3427 825 3493; x_wconf 86' lang='lat' dir='ltr'><strong>restituit</strong></span> <span class='ocrx_word' id='word_1_288' title='bbox 838 3421 1170 3524; x_wconf 82' lang='lat' dir='ltr'><strong>quicunqueejusspi-</strong></span> <span class='ocrx_word' id='word_1_289' title='bbox 1212 3481 1221 3500; x_wconf 89' lang='grc'><strong><em>,</em></strong></span> 
     </span>
     <span class='ocr_line' id='line_1_35' title="bbox 81 3503 1170 3602; baseline 0.002 -32"><span class='ocrx_word' id='word_1_290' title='bbox 81 3509 337 3597; x_wconf 67' lang='lat' dir='ltr'><strong>eluderentur),</strong></span> <span class='ocrx_word' id='word_1_291' title='bbox 359 3514 595 3599; x_wconf 83' lang='lat' dir='ltr'><strong>quiCbristum</strong></span> <span class='ocrx_word' id='word_1_292' title='bbox 609 3513 692 3598; x_wconf 86' lang='lat' dir='ltr'><strong>(div.</strong></span> <span class='ocrx_word' id='word_1_293' title='bbox 709 3503 1045 3602; x_wconf 81' lang='lat' dir='ltr'><strong>spiritu-praeditum)</strong></span> <span class='ocrx_word' id='word_1_294' title='bbox 1059 3509 1101 3573; x_wconf 88' lang='lat' dir='ltr'><strong>ab</strong></span> <span class='ocrx_word' id='word_1_295' title='bbox 1118 3529 1170 3572; x_wconf 89' lang='lat' dir='ltr'><strong>rn-</strong></span> 
     </span>
     <span class='ocr_line' id='line_1_36' title="bbox 34 3592 1170 3686; baseline 0.003 -32"><span class='ocrx_word' id='word_1_296' title='bbox 34 3603 36 3668; x_wconf 59' lang='lat' dir='ltr'><strong>p</strong></span> <span class='ocrx_word' id='word_1_297' title='bbox 81 3592 318 3678; x_wconf 85' lang='lat' dir='ltr'><strong>lerisoxeitavit‚</strong></span> <span class='ocrx_word' id='word_1_298' title='bbox 332 3609 444 3664; x_wconf 87' lang='lat' dir='ltr'><strong>vestra</strong></span> <span class='ocrx_word' id='word_1_299' title='bbox 460 3597 697 3686; x_wconf 82' lang='lat' dir='ltr'><strong>queque(nibil</strong></span> <span class='ocrx_word' id='word_1_300' title='bbox 710 3598 796 3664; x_wconf 92' lang='lat' dir='ltr'><strong>enim</strong></span> <span class='ocrx_word' id='word_1_301' title='bbox 807 3593 1170 3676; x_wconf 87' lang='lat' dir='ltr'><strong>Deeoenstantiuseet)</strong></span> 
     </span>
     <span class='ocr_line' id='line_1_37' title="bbox 34 3675 1263 3784; baseline -0.001 -42"><span class='ocrx_word' id='word_1_302' title='bbox 34 3675 35 3690; x_wconf 57' lang='lat'>¹</span> <span class='ocrx_word' id='word_1_303' title='bbox 80 3700 197 3768; x_wconf 88' lang='lat' dir='ltr'><strong>corpora</strong></span> <span class='ocrx_word' id='word_1_304' title='bbox 214 3684 371 3749; x_wconf 90' lang='lat' dir='ltr'><strong>mortalia</strong></span> <span class='ocrx_word' id='word_1_305' title='bbox 386 3686 420 3749; x_wconf 90' lang='lat' dir='ltr'><strong>in</strong></span> <span class='ocrx_word' id='word_1_306' title='bbox 433 3685 532 3750; x_wconf 84' lang='lat' dir='ltr'><strong>vitam</strong></span> <span class='ocrx_word' id='word_1_307' title='bbox 546 3681 700 3763; x_wconf 86' lang='lat' dir='ltr'><strong>reducet,</strong></span> <span class='ocrx_word' id='word_1_308' title='bbox 721 3684 796 3784; x_wconf 74' lang='lat' dir='ltr'><strong>quia</strong></span> <span class='ocrx_word' id='word_1_309' title='bbox 810 3681 937 3751; x_wconf 76' lang='lat' dir='ltr'><strong>notitae</strong></span> <span class='ocrx_word' id='word_1_310' title='bbox 951 3681 986 3743; x_wconf 86' lang='lat' dir='ltr'><strong>in</strong></span> <span class='ocrx_word' id='word_1_311' title='bbox 999 3679 1085 3746; x_wconf 75' lang='lat' dir='ltr'><strong>cobis</strong></span> <span class='ocrx_word' id='word_1_312' title='bbox 1096 3675 1171 3778; x_wconf 63' lang='lat' dir='ltr'><strong>ejus</strong></span> <span class='ocrx_word' id='word_1_313' title='bbox 1261 3681 1263 3688; x_wconf 88' lang='lat'>&#39;</span> 
     </span>
     <span class='ocr_line' id='line_1_38' title="bbox 81 3765 1172 3854; baseline 0 -28"><span class='ocrx_word' id='word_1_314' title='bbox 81 3765 205 3843; x_wconf 69' lang='lat' dir='ltr'><strong>spiritate.</strong></span> <span class='ocrx_word' id='word_1_315' title='bbox 256 3767 355 3834; x_wconf 90' lang='lat' dir='ltr'><strong>Pauli</strong></span> <span class='ocrx_word' id='word_1_316' title='bbox 377 3768 695 3854; x_wconf 83' lang='lat' dir='ltr'><strong>argumentationem</strong></span> <span class='ocrx_word' id='word_1_317' title='bbox 716 3771 742 3834; x_wconf 90' lang='lat' dir='ltr'><strong>ir</strong></span> <span class='ocrx_word' id='word_1_318' title='bbox 756 3790 819 3833; x_wconf 92' lang='lat' dir='ltr'><strong>non</strong></span> <span class='ocrx_word' id='word_1_319' title='bbox 835 3766 1089 3844; x_wconf 86' lang='lat' dir='ltr'><strong>intellexerunt,</strong></span> <span class='ocrx_word' id='word_1_320' title='bbox 1112 3781 1172 3848; x_wconf 85' lang='lat' dir='ltr'><strong>qur</strong></span> 
     </span>
     <span class='ocr_line' id='line_1_39' title="bbox 82 3845 1170 3934; baseline -0.004 -21"><span class='ocrx_word' id='word_1_321' title='bbox 82 3845 195 3918; x_wconf 80' lang='lat' dir='ltr'><strong>Christe</strong></span> <span class='ocrx_word' id='word_1_322' title='bbox 208 3853 243 3918; x_wconf 92' lang='lat' dir='ltr'><strong>in</strong></span> <span class='ocrx_word' id='word_1_323' title='bbox 259 3855 360 3919; x_wconf 86' lang='lat' dir='ltr'><strong>vitam</strong></span> <span class='ocrx_word' id='word_1_324' title='bbox 376 3853 537 3920; x_wconf 87' lang='lat' dir='ltr'><strong>divinitus</strong></span> <span class='ocrx_word' id='word_1_325' title='bbox 553 3855 711 3918; x_wconf 90' lang='lat' dir='ltr'><strong>restituto</strong></span> <span class='ocrx_word' id='word_1_326' title='bbox 724 3853 875 3918; x_wconf 89' lang='lat' dir='ltr'><strong>hemines</strong></span> <span class='ocrx_word' id='word_1_327' title='bbox 892 3849 1009 3916; x_wconf 85' lang='lat' dir='ltr'><strong>ebriet.</strong></span> <span class='ocrx_word' id='word_1_328' title='bbox 1023 3854 1059 3912; x_wconf 89' lang='lat' dir='ltr'><strong>et</strong></span> <span class='ocrx_word' id='word_1_329' title='bbox 1076 3847 1170 3934; x_wconf 90' lang='lat' dir='ltr'><strong>ipses</strong></span> 
     </span>
     <span class='ocr_line' id='line_1_40' title="bbox 82 3934 1253 4028; baseline -0.002 -33"><span class='ocrx_word' id='word_1_330' title='bbox 82 3934 163 4001; x_wconf 83' lang='lat' dir='ltr'><strong>vitam</strong></span> <span class='ocrx_word' id='word_1_331' title='bbox 180 3949 375 4026; x_wconf 87' lang='lat' dir='ltr'><strong>recepturos</strong></span> <span class='ocrx_word' id='word_1_332' title='bbox 394 3962 468 4005; x_wconf 88' lang='lat' dir='ltr'><strong>esse</strong></span> <span class='ocrx_word' id='word_1_333' title='bbox 481 3939 683 4028; x_wconf 85' lang='lat' dir='ltr'><strong>Apostolum</strong></span> <span class='ocrx_word' id='word_1_334' title='bbox 704 3960 742 4002; x_wconf 86' lang='lat' dir='ltr'><strong>ex</strong></span> <span class='ocrx_word' id='word_1_335' title='bbox 762 3960 801 4002; x_wconf 91' lang='lat' dir='ltr'><strong>ee</strong></span> <span class='ocrx_word' id='word_1_336' title='bbox 821 3934 998 4018; x_wconf 85' lang='lat' dir='ltr'><strong>collegisse</strong></span> <span class='ocrx_word' id='word_1_337' title='bbox 1020 3936 1171 3996; x_wconf 85' lang='lat' dir='ltr'><strong>autuma—</strong></span> <span class='ocrx_word' id='word_1_338' title='bbox 1250 3943 1253 3950; x_wconf 89' lang='lat'>&#39;</span> 
     </span>
     <span class='ocr_line' id='line_1_41' title="bbox 82 4014 1171 4112; baseline -0.005 -29"><span class='ocrx_word' id='word_1_339' title='bbox 82 4031 166 4102; x_wconf 62' lang='lat' dir='ltr'><strong>rents</strong></span> <span class='ocrx_word' id='word_1_340' title='bbox 193 4024 282 4112; x_wconf 88' lang='lat' dir='ltr'><strong>qued</strong></span> <span class='ocrx_word' id='word_1_341' title='bbox 310 4024 445 4091; x_wconf 87' lang='lat' dir='ltr'><strong>virtutis</strong></span> <span class='ocrx_word' id='word_1_342' title='bbox 471 4023 537 4093; x_wconf 86' lang='lat' dir='ltr'><strong>div.</strong></span> <span class='ocrx_word' id='word_1_343' title='bbox 567 4025 731 4111; x_wconf 87' lang='lat' dir='ltr'><strong>specimen</strong></span> <span class='ocrx_word' id='word_1_344' title='bbox 759 4024 794 4088; x_wconf 79' lang='lat' dir='ltr'><strong>nn</strong></span> <span class='ocrx_word' id='word_1_345' title='bbox 817 4020 953 4089; x_wconf 86' lang='lat' dir='ltr'><strong>Christo</strong></span> <span class='ocrx_word' id='word_1_346' title='bbox 983 4015 1109 4083; x_wconf 83' lang='lat' dir='ltr'><strong>editum</strong></span> <span class='ocrx_word' id='word_1_347' title='bbox 1128 4014 1171 4079; x_wconf 76' lang='lat' dir='ltr'><strong>acl</strong></span> 
     </span>
    </p>
   </div>
   <div class='ocr_carea' id='block_1_6' title="bbox 742 1341 1368 1430">
    <p class='ocr_par' dir='ltr' id='par_1_10' title="bbox 742 1341 1368 1430">
     <span class='ocr_line' id='line_1_42' title="bbox 742 1341 1368 1430; baseline 0.018 -23"><span class='ocrx_word' id='word_1_348' title='bbox 742 1343 939 1411; x_wconf 89' lang='lat' dir='ltr'><strong>estinatiene</strong></span> <span class='ocrx_word' id='word_1_349' title='bbox 963 1342 1058 1430; x_wconf 83' lang='grc' dir='ltr'><strong><em>(παρ’</em></strong></span> <span class='ocrx_word' id='word_1_350' title='bbox 1074 1341 1162 1430; x_wconf 75' lang='grc' dir='ltr'><strong><em>ὑμῖν,</em></strong></span> <span class='ocrx_word' id='word_1_351' title='bbox 1287 1366 1293 1380; x_wconf 92' lang='grc'><strong><em>’</em></strong></span> <span class='ocrx_word' id='word_1_352' title='bbox 1356 1357 1368 1378; x_wconf 76' lang='grc'><strong>“</strong></span> 
     </span>
    </p>
   </div>
   <div class='ocr_carea' id='block_1_7' title="bbox 83 4101 1297 4198">
    <p class='ocr_par' dir='ltr' id='par_1_11' title="bbox 83 4101 1297 4198">
     <span class='ocr_line' id='line_1_43' title="bbox 83 4101 1297 4198; baseline 0.019 -33"><span class='ocrx_word' id='word_1_353' title='bbox 83 4101 191 4172; x_wconf 78' lang='lat' dir='ltr'><strong>Christi</strong></span> <span class='ocrx_word' id='word_1_354' title='bbox 213 4109 398 4196; x_wconf 90' lang='lat' dir='ltr'><strong>discipules</strong></span> <span class='ocrx_word' id='word_1_355' title='bbox 418 4110 638 4198; x_wconf 88' lang='lat' dir='ltr'><strong>pertinuisset</strong></span> <span class='ocrx_word' id='word_1_356' title='bbox 658 4107 827 4195; x_wconf 67' lang='lat' dir='ltr'><strong>(beivin).</strong></span> <span class='ocrx_word' id='word_1_357' title='bbox 881 4103 969 4172; x_wconf 90' lang='lat' dir='ltr'><strong>Nam</strong></span> <span class='ocrx_word' id='word_1_358' title='bbox 992 4104 1052 4168; x_wconf 80' lang='lat' dir='ltr'><strong>bec</strong></span> <span class='ocrx_word' id='word_1_359' title='bbox 1074 4109 1202 4189; x_wconf 56' lang='lat' dir='ltr'><strong>pacto*</strong></span> <span class='ocrx_word' id='word_1_360' title='bbox 1286 4169 1297 4188; x_wconf 61' lang='grc' dir='ltr'><strong><em>ι</em></strong></span> 
     </span>
    </p>
   </div>
   <div class='ocr_carea' id='block_1_8' title="bbox 82 4185 1171 4621">
    <p class='ocr_par' dir='ltr' id='par_1_12' title="bbox 83 4185 1171 4368">
     <span class='ocr_line' id='line_1_44' title="bbox 83 4185 1171 4289; baseline -0.006 -33"><span class='ocrx_word' id='word_1_361' title='bbox 83 4195 378 4274; x_wconf 72' lang='lat' dir='ltr'><strong>argumentationis</strong></span> <span class='ocrx_word' id='word_1_362' title='bbox 399 4194 570 4260; x_wconf 83' lang='lat' dir='ltr'><strong>formanda</strong></span> <span class='ocrx_word' id='word_1_363' title='bbox 592 4195 735 4260; x_wconf 75' lang='lat' dir='ltr'><strong>luissetz·</strong></span> <span class='ocrx_word' id='word_1_364' title='bbox 760 4187 797 4257; x_wconf 88' lang='lat' dir='ltr'><strong>ci</strong></span> <span class='ocrx_word' id='word_1_365' title='bbox 819 4190 862 4256; x_wconf 78' lang='grc' dir='ltr'><strong>δὲ</strong></span> <span class='ocrx_word' id='word_1_366' title='bbox 880 4189 955 4256; x_wconf 81' lang='grc' dir='ltr'><strong>τοῦ</strong></span> <span class='ocrx_word' id='word_1_367' title='bbox 978 4185 1171 4289; x_wconf 58' lang='grc' dir='ltr'><strong><em>Χριστοιξ</em></strong></span> 
     </span>
     <span class='ocr_line' id='line_1_45' title="bbox 83 4267 1171 4368; baseline -0.001 -33"><span class='ocrx_word' id='word_1_368' title='bbox 83 4269 157 4341; x_wconf 82' lang='lat' dir='ltr'><strong>ione</strong></span> <span class='ocrx_word' id='word_1_369' title='bbox 177 4271 195 4344; x_wconf 83' lang='grc' dir='ltr'>ὁ</span> <span class='ocrx_word' id='word_1_370' title='bbox 219 4277 353 4365; x_wconf 78' lang='grc' dir='ltr'><strong><em>ἐγείρας</em></strong></span> <span class='ocrx_word' id='word_1_371' title='bbox 370 4275 429 4346; x_wconf 85' lang='grc' dir='ltr'><strong>τὸν</strong></span> <span class='ocrx_word' id='word_1_372' title='bbox 447 4277 599 4368; x_wconf 80' lang='grc' dir='ltr'><strong><em>Χριστὸν</em></strong></span> <span class='ocrx_word' id='word_1_373' title='bbox 618 4275 654 4346; x_wconf 78' lang='grc' dir='ltr'><strong>ἐκ</strong></span> <span class='ocrx_word' id='word_1_374' title='bbox 674 4277 797 4363; x_wconf 78' lang='grc' dir='ltr'><strong><em>νεκρῶν</em></strong></span> <span class='ocrx_word' id='word_1_375' title='bbox 820 4267 1026 4362; x_wconf 82' lang='grc' dir='ltr'><strong><em>ζωοποιήσει</em></strong></span> <span class='ocrx_word' id='word_1_376' title='bbox 1050 4271 1107 4336; x_wconf 83' lang='grc' dir='ltr'><strong>καὶ</strong></span> <span class='ocrx_word' id='word_1_377' title='bbox 1128 4291 1171 4334; x_wconf 83' lang='grc' dir='ltr'><strong>τοι</strong></span> 
     </span>
    </p>

    <p class='ocr_par' dir='ltr' id='par_1_13' title="bbox 82 4355 1171 4451">
     <span class='ocr_line' id='line_1_46' title="bbox 82 4355 1171 4451; baseline -0.006 -26"><span class='ocrx_word' id='word_1_378' title='bbox 82 4359 172 4446; x_wconf 67' lang='grc' dir='ltr'><strong><em>θνητὰ</em></strong></span> <span class='ocrx_word' id='word_1_379' title='bbox 186 4357 431 4445; x_wconf 63' lang='lat' dir='ltr'><strong>separatores</strong></span> <span class='ocrx_word' id='word_1_380' title='bbox 445 4360 514 4431; x_wconf 82' lang='grc' dir='ltr'><strong>ὅτι</strong></span> <span class='ocrx_word' id='word_1_381' title='bbox 536 4363 609 4430; x_wconf 81' lang='lat' dir='ltr'><strong>ceri</strong></span> <span class='ocrx_word' id='word_1_382' title='bbox 627 4359 823 4451; x_wconf 80' lang='grc' dir='ltr'><strong><em>Χριστοῦ</em></strong></span> <span class='ocrx_word' id='word_1_383' title='bbox 843 4355 948 4427; x_wconf 79' lang='lat' dir='ltr'><strong>ioca.</strong></span> <span class='ocrx_word' id='word_1_384' title='bbox 999 4355 1171 4424; x_wconf 82' lang='lat' dir='ltr'><strong>Christum</strong></span> 
     </span>
    </p>

    <p class='ocr_par' dir='ltr' id='par_1_14' title="bbox 82 4440 1169 4621">
     <span class='ocr_line' id='line_1_47' title="bbox 82 4440 1169 4537; baseline 0.002 -33"><span class='ocrx_word' id='word_1_385' title='bbox 82 4440 142 4510; x_wconf 87' lang='lat' dir='ltr'><strong>ideo</strong></span> <span class='ocrx_word' id='word_1_386' title='bbox 160 4448 202 4512; x_wconf 91' lang='lat' dir='ltr'><strong>ab</strong></span> <span class='ocrx_word' id='word_1_387' title='bbox 218 4449 340 4517; x_wconf 85' lang='lat' dir='ltr'><strong>inieris</strong></span> <span class='ocrx_word' id='word_1_388' title='bbox 354 4450 532 4516; x_wconf 83' lang='lat' dir='ltr'><strong>excitatum</strong></span> <span class='ocrx_word' id='word_1_389' title='bbox 545 4472 638 4530; x_wconf 84' lang='lat' dir='ltr'><strong>esse,</strong></span> <span class='ocrx_word' id='word_1_390' title='bbox 661 4446 751 4535; x_wconf 81' lang='lat' dir='ltr'><strong>quod</strong></span> <span class='ocrx_word' id='word_1_391' title='bbox 764 4446 836 4514; x_wconf 64' lang='lat' dir='ltr'><strong>(liv.x</strong></span> <span class='ocrx_word' id='word_1_392' title='bbox 847 4444 989 4537; x_wconf 86' lang='lat' dir='ltr'><strong>spiritus</strong></span> <span class='ocrx_word' id='word_1_393' title='bbox 1001 4443 1037 4510; x_wconf 92' lang='lat' dir='ltr'><strong>in</strong></span> <span class='ocrx_word' id='word_1_394' title='bbox 1052 4463 1092 4508; x_wconf 87' lang='lat' dir='ltr'><strong>ee</strong></span> <span class='ocrx_word' id='word_1_395' title='bbox 1113 4440 1169 4506; x_wconf 79' lang='lat' dir='ltr'><strong>ba-</strong></span> 
     </span>
     <span class='ocr_line' id='line_1_48' title="bbox 106 4529 832 4621; baseline 0.011 -23"><span class='ocrx_word' id='word_1_396' title='bbox 106 4545 239 4603; x_wconf 79' lang='lat' dir='ltr'><strong>Fritzrcbc</strong></span> <span class='ocrx_word' id='word_1_397' title='bbox 252 4547 304 4621; x_wconf 84' lang='lat' dir='ltr'><strong>Ep.</strong></span> <span class='ocrx_word' id='word_1_398' title='bbox 319 4551 351 4607; x_wconf 84' lang='lat' dir='ltr'><strong>ed</strong></span> <span class='ocrx_word' id='word_1_399' title='bbox 364 4551 445 4610; x_wconf 82' lang='lat' dir='ltr'><strong>Rem.</strong></span> <span class='ocrx_word' id='word_1_400' title='bbox 457 4551 490 4606; x_wconf 88' lang='lat' dir='ltr'><strong>P.</strong></span> <span class='ocrx_word' id='word_1_401' title='bbox 507 4551 541 4609; x_wconf 87' lang='lat' dir='ltr'><strong>ll.</strong></span> <span class='ocrx_word' id='word_1_402' title='bbox 813 4529 832 4596; x_wconf 82' lang='grc' dir='ltr'>Ῐ</span> 
     </span>
    </p>
   </div>
   <div class='ocr_carea' id='block_1_9' title="bbox 0 0 1412 5054">
    <p class='ocr_par' dir='ltr' id='par_1_15' title="bbox 0 0 1412 5054">
     <span class='ocr_line' id='line_1_49' title="bbox 0 0 1412 5054; baseline 0 0"><span class='ocrx_word' id='word_1_403' title='bbox 0 0 1412 5054; x_wconf 95' lang='lat' dir='ltr'><strong> </strong></span> 
     </span>
    </p>
   </div>
  </div>
 </body>
</html>
