2824 5054
148 349 224 459 ,eoo
325 337 1065 478 Ι’ιιιηιίριιιιιιιιοιιιιιοι
1407 451 1408 460 Ν

55 585 57 590 ,
160 533 337 620 collegerit
355 535 404 618 (v.
424 531 558 602 Koeiln.
582 535 616 598 et
636 526 740 616 dW).
783 531 926 600 Frustra
948 529 1105 610 Menoec
1122 553 1154 599 v.
1171 530 1225 598 18.
1242 527 1284 596 ts
1407 545 1408 610 ᾗ

35 667 38 676 1
153 617 261 688 Ιθέλει
276 612 454 708 σκληρύνει
474 617 671 706 Apostolum
694 638 760 682 non
781 641 800 685 o
814 618 926 686 verbis
941 635 974 682 v.
990 619 1043 684 17.
1058 609 1214 704 ἐξήγειρά
1229 637 1281 691 oc,

161 704 222 773 sed
236 725 255 772 c
269 705 418 786 ratione,
442 703 514 792 quei¹
528 704 688 769 vocabula
710 697 806 782 ὅπως
821 699 1019 783 ἐνδείξωμαι
1038 712 1102 768 etc.
1117 723 1189 770 cum
1204 723 1282 766 rer-

162 791 216 859 bis
248 787 311 867 εἰς
339 787 440 856 αὐτὸ
469 785 597 856 τοῦτο
627 783 783 874 ἐξήγειρά
805 810 842 856 σι
864 809 1008 855 connexa
1031 788 1116 870 sint,
1138 789 1284 868 1ccnclu-
1332 833 1336 842 ·

163 875 244 944 dere
263 874 386 968 objecit
405 875 450 942 br
461 894 493 944 e.
513 893 556 940 ex
579 894 637 956 eo,
666 872 754 961 quod
770 873 875 958 Deus,
888 894 925 938 se
941 875 1001 939 boc
1016 872 1091 961 ipso
1108 869 1174 939 linc
1190 869 1283 938 Pha·

163 983 297 1030 raonem
318 958 516 1037 inmedium
534 958 663 1044 prodire
680 958 825 1050 jussisse
845 958 986 1040 dixerit,
1014 967 1165 1024 utsuom
1186 959 1222 1023 in
1239 980 1283 1022 ec
1318 957 1323 966 '

163 1049 231 1118 vim
251 1045 440 1114 ostenderet
461 1048 510 1130 (v.
526 1047 613 1130 12),
643 1045 870 1133 Deumquem
891 1045 973 1110 velit
985 1044 1185 1132 pervicacem
1203 1044 1283 1108 red-

47 1207 48 1216 *
163 1133 246 1202 dere
275 1131 419 1218 (1.,18.)
438 1127 581 1198 Paulum
616 1129 749 1195 ellicsrc
785 1130 977 1196 affirmarit.
1035 1115 1154 1232 Neque
1190 1130 1281 1217 enim

163 1219 276 1287 Deum
305 1219 339 1282 in
367 1215 541 1283 Pharaone
568 1235 660 1280 suam
690 1216 757 1282 vim
784 1217 998 1282 manifestere
1016 1223 1186 1304 potuisse,
1216 1215 1284 1279 nisi

44 1367 45 1372 ,
67 1373 68 1382 ,
165 1325 239 1372 eom
254 1293 473 1380 conicimocem
484 1300 691 1383 reddidisset,
716 1300 839 1366 fecisse
854 1309 962 1366 autem
981 1299 1110 1381 Deum,
1138 1311 1175 1364 nt
1190 1297 1283 1364 Pbo-

109 1413 112 1424 ·
165 1389 279 1460 raonis
298 1388 433 1454 animus
452 1386 699 1467 induresceret,
726 1384 826 1452 Pauli
843 1389 1005 1468 lectores,
1039 1385 1160 1473 quibos
1186 1383 1282 1451 Pbo-

165 1474 281 1542 raonis
301 1472 443 1539 historia
463 1471 542 1538 ncta
561 1478 653 1539 esset
668 1469 772 1540 lixod.
786 1472 820 1553 4,
834 1473 890 1541 21.
903 1473 936 1553 7,
950 1472 984 1539 3.
997 1471 1066 1554 al.,'
1088 1471 1283 1560 praeterire

166 1581 232 1627 non
253 1560 417 1646 potuisse.
467 1556 619 1638 Vereor,
655 1576 697 1620 ns
722 1557 876 1640 argutius
929 1579 1002 1622 uam
1024 1557 1135 1622 verius
1160 1557 1281 1622 haece

33 1649 40 1660 '
165 1639 216 1715 V.
230 1635 277 1711 DI
292 1643 463 1734 disputate
475 1642 556 1711 sint.
599 1641 650 1707 Ex
663 1663 702 1706 co
716 1643 820 1723 enim,
843 1665 887 1730 qu
950 1643 1093 1728 aliquem
1107 1641 1282 1708 Deosboc

165 1725 960 1896 1111111ῑ1111111111111άὶ111
973 1727 1283 1880 ”llllltll'tli

53 1955 55 1960 .
154 1838 291 1984 maret?
311 1900 569 1988 consequitur,
597 1906 635 1964 ut
695 1898 754 1965 ens
805 1919 881 1966 resa
908 1899 940 1967 ei
960 1835 1117 1981 ebroillo,
1156 1899 1282 1986 quibus

51 2061 53 2070 ,
167 1986 307 2066 exitium
321 1994 517 2075 pararetur,
537 1984 730 2052 obtruserit.
772 1921 845 2052 fmo
866 1983 898 2050 si
916 1983 1022 2074 libera
1044 1987 1096 2050 est
1110 1984 1282 2052 bominum

75 2098 79 2106 ’
166 2073 340 2154 voluntas,
368 2071 456 2136 malo
476 2067 618 2138 consilia
636 2069 704 2158 ipsi
725 2070 861 2159 copiunt
880 2077 915 2136 et
929 2069 1041 2151 Deus,
1070 2091 1170 2172 quum
1183 2091 1282 2136 suam

166 2157 373 2248 majestatem
401 2155 467 2222 viri
495 2163 590 2243 peste
618 2154 891 2224 manifestaturus
915 2157 968 2220 vel
993 2177 1086 2221 nasos
1105 2154 1212 2246 jubet.
1225 2156 1282 2220 vel

166 2265 270 2328 regno
287 2240 440 2330 praeficit
451 2240 614 2308 bominem
632 2240 751 2306 honori
763 2241 830 2307 sibi
842 2242 1009 2323 loturum,
1030 2239 1065 2306 id
1079 2241 1176 2324 iacit,
1200 2241 1281 2328 quie

117 2327 119 2334 ’
165 2348 305 2414 pravum
324 2348 431 2414 ecque
450 2323 604 2391 idoneum
619 2325 782 2392 bominem
799 2321 871 2414 scre
888 2328 978 2408 scic;
994 2326 1050 2414 qui
1065 2326 1197 2393 landem
1213 2325 1282 2393 sibi

167 2418 348 2501 comparet.
396 2409 480 2476 Loci
508 2416 618 2475 autem
645 2395 691 2479 V.
714 2409 778 2494 Τ.,
814 2411 936 2498 quibus
966 2433 1035 2477 rem
1068 2413 1281 2492 corrobores,

35 2499 40 2528 l
167 2498 261 2586 plani
275 2515 350 2563 esse
363 2494 485 2562 debent
497 2504 531 2561 et
545 2517 621 2581 pers
648 2495 730 2576 icul,
754 2503 792 2563 ut
805 2519 846 2563 ex
862 2497 948 2584 ipsis
961 2497 1071 2563 verbis
1083 2496 1280 2570 vimeorum

167 2602 366 2668 cognoscas,
388 2603 460 2663 non
473 2603 572 2669 quom
592 2516 696 2646 albata
717 2583 817 2648 verbo
830 2582 913 2649 nibil
928 2584 1015 2670 qnod
1030 2583 1071 2647 ad
1086 2605 1157 2672 rem
1171 2586 1281 2672 perti-

167 2679 245 2734 neat
257 2665 396 2732 doceant
409 2664 475 2732 loci
490 2666 618 2755 pondus
633 2689 674 2731 ex
687 2687 726 2732 eo
741 2666 899 2753 conjicere
914 2669 1058 2752 cogeris,
1080 2669 1167 2756 quod
1185 2675 1280 2734 corto

168 2752 309 2842 quodam
331 2753 480 2841 tempore
500 2761 578 2818 noto
598 2751 662 2818 tibi
686 2753 813 2818 bomini
838 2753 968 2839 aliquid
990 2747 1112 2818 dictum
1134 2755 1181 2819 sit
1201 2777 1221 2820 e
1242 2771 1279 2820 re

167 2860 232 2913 non
255 2836 506 2905 commemorati
528 2837 780 2906 aestimandum.
831 2835 937 2904 Plana
950 2861 1028 2905 vero
1044 2837 1209 2905 estPouli
1224 2859 1280 2904 ar·
1377 2854 1381 2862 ’

84 2965 87 2983 .
168 2925 385 3010 gumentatic,
406 2923 437 2988 si
447 2917 601 3010 ἐξήγειρά
614 2943 653 2987 σε
663 2922 797 2988 incitavi
810 2931 843 2989 te
856 2916 1069 3013 exposuerim
1091 2926 1280 2992 messiecee

10 3033 12 3040 ’
55 3077 60 3100 ,
168 3005 745 3097 salutisadepticamiseranteDec
762 3007 940 3110 pendeus.
958 3013 1039 3096 le).
1083 3008 1171 3076 Nam
1189 3007 1279 3076 Pba-

166 3096 280 3176 raoni,
306 3095 396 3174 virc,
424 3091 520 3180 cujus
541 3091 648 3156 Deum
669 3113 732 3156 non
751 3103 982 3180 misereretur,
1005 3095 1155 3167 inlibris
1169 3117 1200 3164 s.
1217 3093 1281 3160 boc

167 3177 308 3247 dicitur:
337 3180 398 3244 bec
421 3179 496 3266 ipsc
518 3175 584 3242 fine
607 3183 639 3242 te
662 3178 736 3263 (qni
756 3179 838 3244 mibi
858 3182 1054 3259 resisteres)
1066 3181 1219 3261 incitavi,
1242 3191 1282 3246 ut
1322 3207 1325 3227 ¹

192 3271 293 3332 ostem
307 3263 370 3329 tibi
383 3261 592 3350 importando
607 3283 712 3328 meam
726 3265 906 3364 potentiam
922 3266 1128 3332 ostenderem
1141 3273 1187 3347 (v.
1198 3267 1282 3348 12).
1317 3301 1320 3318 ·

165 3287 289 3438 itaque
329 3348 506 3414 ercicooem
526 3354 561 3412 et
581 3347 639 3434 qui
660 3345 796 3414 Gbrrsto
811 3349 879 3416 Dei
902 3352 1065 3418 volontafl
1080 3350 1282 3439 obstrepens

165 3433 263 3503 fidem
315 3440 434 3516 cnegot
460 3432 557 3498 Deus
581 3430 693 3498 reddit
720 3455 818 3520 quem
847 3436 919 3504 vult
940 3441 985 3586 ρι’.
1004 3436 1057 3504 18.
1080 3435 1282 3502 Dccuerunl

116 3541 124 3560 ·
165 3519 253 3600 enim
280 3517 362 3584 libri
390 3540 420 3587 s.
442 3537 522 3585 voce
546 3515 715 3584 Pharaoni
738 3519 845 3601 ciete,
878 3543 942 3608 qna
960 3522 989 3587 is
1015 3522 1110 3588 Deua
1140 3520 1281 3594 Christo

164 3604 267 3670 misso
292 3604 326 3669 in
347 3603 649 3669 homines·fnturus
669 3611 777 3685 essct,
806 3605 1086 3695 quilius'iniquus
1105 3613 1215 3676 esset:
1244 3628 1278 3674 v.

165 3690 295 3779 supra).
338 3688 379 3754 In
393 3689 461 3754 cite
473 3695 507 3754 le
518 3689 703 3757 conservavi
737 3705 866 3780 ιρηιργιγ
880 3692 969 3780 (bose
982 3686 1079 3779 ’ρηιιά
1092 3693 1147 3774 σε)
1166 3691 1281 3757 decla·

81 3863 82 3872 ¹
163 3795 241 3843 rare
267 3769 397 3868 potest,
431 3794 497 3840 non
518 3769 616 3838 Pauli
637 3794 698 3840 vox
714 3703 873 3862 iin'y'sr'bci
894 3798 932 3842 oe
948 3715 1077 3882 (brot.²
1105 3777 1280 3856 Noeccelt„

113 3877 121 3886 “
161 3860 285 3946 Kopp„
305 3857 434 3940 Meno,
454 3857 616 3940 Booten).
658 3857 731 3929 Jac.
744 3861 777 3940 6,
787 3861 839 3928 13.
849 3857 988 3949 ἐγείρειν
999 3885 1074 3927 τινα
1087 3865 1281 3963 ρεῑρνίριιι

23 3966 28 3975 “
106 3971 108 3984 >
161 3943 202 4011 (le
225 3947 306 4014 lecte
326 3964 419 4033 quem
440 3942 569 4008 morbum
585 3943 670 4026 Icelo
690 3943 860 4032 efficerit,
890 3967 953 4012 non
974 3947 1120 4034 aliquem
1149 3967 1185 4011 m
1208 3947 1280 4014 vna

161 4050 370 4098 consecrare.
414 4027 515 4094 Verti
531 4035 672 4114 possunt
684 4049 716 4098 v.
739 4025 894 4116 ἐξήγειρά
915 4052 953 4096 σε
965 4030 1033 4122 feri
1046 4038 1084 4098 ut
1095 4031 1278 4099 exsisteres

159 4114 287 4198 (Bozn,
311 4111 486 4180 Reicb..al.
508 4109 592 4180 Luc.
606 4114 638 4194 3,
653 4113 720 4200 8.)‚
749 4116 784 4180 ιἰι
807 4117 945 4182 medinm
973 4125 1006 4183 te
1035 4117 1167 4200 prodire
1181 4115 1276 4202 jesisi

157 4199 365 4284 (monloel,
398 4196 528 4281 Meyer.
555 4200 600 4300 ol.
622 4198 706 4302 lob.
727 4201 760 4280 7,
781 4199 849 4285 32.)
874 4211 910 4267 ct
938 4202 1098 4268 exsistere
1123 4208 1158 4266 te
1186 4202 1274 4267 colui

148 4281 1108 4458 11111111.111111113111111111111
1124 4284 1273 4439 11111
