2842 5060
448 317 689 440 ceruit·
714 365 787 438 rs.
808 364 884 439 rt..
1173 365 1220 439 tt

120 525 476 616 nominoioqueretnr‚
504 525 682 614 qni‘adduo
701 525 855 596 Peccotni
866 523 1023 594 meinent
1043 525 1218 603 necdum

121 613 245 680 Christo
259 614 293 678 in
308 611 491 679 libertatem
505 611 659 678 vindicati
678 621 784 678 essent
804 615 850 694 (r.
866 632 898 684 r.
912 610 997 698 24).
1041 607 1220 690 Praeteriit

123 699 198 762 haec
228 718 285 762 res
313 697 366 762 rel
400 696 709 786 praestantissimos
739 698 953 786 interpretes.
1016 693 1068 763 ct.
1095 695 1221 782 Bono,

121 781 240 852 Herm.
262 788 296 847 et
318 781 454 868 Knopp.
482 783 607 870 Opuec.
634 803 669 869 p.
693 781 783 850 tut..
827 775 964 864 οἴδαμεν
991 779 1076 868 γὰρ]
1100 781 1221 866 Somd,

120 867 249 952 uopp„
271 866 392 948 Piott„
413 866 525 934 Reiols.
540 867 584 932 al.
597 865 808 956 conjecerunt
826 857 904 932 cido
923 867 983 946 μὲν
1002 862 1083 950 γὰρ,
1105 887 1219 953 quemn·

120 949 295 1017 admodum
317 951 375 1015 alii
389 948 529 1032 sohar,
542 951 597 1022 24.
619 954 677 1017 καὶ
691 945 769 1018 cido
786 949 847 1034 μέν
868 952 1017 1016 iecerunt
1031 971 1070 1015 ex
1091 953 1148 1018 καὶ
1169 945 1220 1018 οἴ.

122 1037 233 1119 depes.
265 1035 362 1122 Quae
374 1035 560 1124 conjecturo
576 1058 638 1101 non
655 1037 760 1102 sotum
775 1036 906 1104 inutilis
913 1045 976 1118 est,
997 1036 1219 1120 verumetiam

121 1141 214 1189 vano.
258 1119 394 1210 Optime
415 1122 500 1188 eninr
522 1121 621 1188 habet
635 1115 770 1200 οἴδαμεν
804 1115 866 1208 dp,
886 1121 966 1188 sire
989 1116 1129 1186 Paulum
1145 1141 1219 1189 rer·

121 1205 173 1270 his
186 1197 323 1288 οἴδαμεν
336 1202 415 1292 γὰρ,
438 1201 492 1272 ὅτι
507 1197 525 1270 ό
538 1209 581 1271 Ν.
598 1229 652 1271 πο.
667 1203 756 1272 ἐστιν
792 1205 967 1274 udaeorum
984 1205 1144 1272 rationem
1159 1205 1219 1292 has

20 1331 21 1350 .
119 1289 232 1362 baisse
255 1291 393 1378 (scimus
414 1299 574 1378 quotquot
594 1312 678 1377 quae
701 1290 789 1358 dicta
811 1298 890 1357 eunt
906 1291 1035 1380 experti
1054 1314 1169 1358 eumue
1186 1314 1220 1362 r.

19 1389 21 1462 J
119 1376 153 1444 8.
166 1398 219 1463 aq.
241 1377 276 1446 h.
291 1399 319 1440 e.
335 1376 423 1442 inter
446 1398 506 1442 nos
525 1385 654 1441 constat
669 1373 849 1459 Iudaeos),
877 1386 947 1442 tum
968 1377 1132 1444 schemate
1151 1397 1218 1464 quo.

120 1483 222 1548 supra
245 1483 327 1526 usus
348 1467 400 1526 est
413 1463 525 1526 statim
542 1461 685 1549 repetito
702 1483 769 1548 eqo
789 1469 916 1544 autem,
944 1463 1000 1551 qui
1015 1459 1219 1530 Iudaeorum
1265 1505 1268 1518 ι

118 1567 294 1634 personam
312 1555 435 1627 teneo„
453 1549 578 1629 corpori
597 1548 722 1612 deditur
742 1569 820 1612 enm!
833 1546 873 1630 (i.
889 1567 920 1614 ο.
941 1568 999 1614 noc
1017 1569 1049 1614 a.
1063 1570 1091 1613 ο.
1113 1547 1219 1614 dediti

118 1654 234 1696 sumus
249 1630 271 1701 J
273 1631 384 1714 udaoi)
399 1630 567 1698 addidisse
581 1633 769 1709 existimes,
789 1631 859 1697 sire
872 1631 1095 1715 Gdryeostomo
1108 1629 1219 1719 (uiuos

118 1716 302 1802 λογημένον
321 1718 423 1782 τοῦτο
445 1719 502 1782 καὶ
523 1716 622 1804 didon
642 1713 732 1782 ἐστιν
752 1714 805 1784 ὅτι
818 1715 1041 1796 πνευματικός
1053 1715 1139 1870 detq
1161 1739 1219 1784 as·

118 1821 239 1866 sensus
252 1802 420 1889 Apostolo
441 1796 576 1880 οἴδαμεν
596 1800 679 1866 nihil
697 1803 764 1867 nisi
780 1807 905 1868 constat
920 1801 1064 1868 valuisse
1078 1802 1113 1892 ju
1138 1803 1220 1874 ires.

116 1886 265 1956 Accedit
304 1885 365 1950 uod
380 1886 517 1952 Semieri
531 1887 717 1976 conjecturo
732 1888 785 1952 rel
796 1895 971 1974 propterea
987 1887 1219 1975 improbabilis

118 1979 188 2053 est,
218 1909 307 2058 qudd
328 1969 369 2041 P.
388 1969 478 2036 istud
500 1965 635 2053 οἴδαμεν
656 1969 829 2039 admodum
846 1972 1070 2057 frequentavit
1083 1973 1115 2056 2,
1128 1973 1162 2043 2.
1183 1976 1220 2058 3,

118 2059 173 2125 19.
194 2055 316 2136 8,·28..
365 2054 521 2142 Denique
542 2055 621 2142 quid
650 2056 716 2121 sibi
734 2057 815 2124 velit
837 2053 897 2137 μέν
937 2077 1031 2122 arum
1052 2058 1221 2144 intelligo.

118 2141 201 2210 cum
223 2133 300 2206 cido
320 2140 448 2227 inquit,
474 2143 662 2229 copulatum
683 2147 735 2206 eet
751 2139 813 2224 μέν
836 2162 900 2227 quo
943 2133 1024 2209 add
1046 2135 1162 2225 Νόμος
1182 2141 1220 2251 [ὁ

116 2227 179 2329 μεῖν
192 2221 324 2330 Νόμος]
340 2225 497 2315 pertinet.
533 2225 585 2294 cf.
597 2229 626 2294 l.
643 2223 802 2309 coeno.
824 2221 887 2310 tyr
902 2225 975 2328 μὲνο
988 2224 1051 2314 γὰρ
1064 2221 1108 2306 ὡς
1122 2223 1219 2292 durno

16 2381 17 2384 ,
116 2335 165 2398 οιμ
181 2332 331 2392 copore,
351 2303 495 2396 πορμός
513 2310 533 2374 d
540 2312 556 2376 ὲ
575 2319 623 2374 τῶ
637 2308 801 2388 πνεύματι
815 2320 897 2392 etc„
918 2310 976 2376 niu
989 2310 1049 2393 μέν
1063 2312 1104 2377 ad
1121 2304 1218 2380 ducito

115 2395 328 2470 referendum
354 2403 422 2476 est,
445 2397 524 2463 Act.
539 2395 592 2476 22,
604 2396 637 2464 3.
650 2402 691 2462 et
710 2395 792 2466 trin.
812 2416 861 2480 gr.
872 2396 964 2465 ⁵10..
1005 2400 1057 2463 At
1078 2396 1219 2466 Paulum

116 2503 149 2552 v.
157 2482 214 2549 14.
229 2502 297 2546 non
312 2481 373 2546 hoc
387 2477 529 2548 dixisse:
551 2481 626 2548 nori
641 2481 745 2562 euim,
764 2488 834 2548 tum
847 2479 955 2546 Mosie
967 2480 1074 2567 legem
1088 2504 1220 2572 puram,
1237 2545 1239 2554 ,
1272 2519 1275 2531 ·

15 2573 16 2578 ’
117 2575 187 2634 tum
202 2588 255 2632 me
264 2565 306 2631 im
333 2587 426 2631 urum
439 2586 527 2647 esse,
547 2563 708 2632 Peccator
718 2586 866 2634 serrum:
887 2587 928 2631 ex
942 2569 1220 2653 recognoscitur,

117 2652 210 2739 quod
230 2655 296 2721 r.l
321 2698 331 2719 .
351 2671 415 2716 non
428 2657 531 2717 totum
553 2672 603 2718 vs.
621 2653 692 2735 14„
715 2650 773 2718 sed
788 2651 904 2718 ultima
918 2648 1017 2738 hrrjue
1031 2675 1082 2721 rs.
1096 2675 1129 2723 r.
1146 2675 1223 2734 mu·¹

15 2783 16 2800 .
116 2737 215 2806 nisit.
258 2732 475 2825 Perspicuum
488 2742 539 2802 eet
555 2737 677 2820 igitur,
697 2731 838 2803 Paulum
853 2738 992 2801 overbis
1008 2729 1071 2822 ἐγὼ
1084 2739 1121 2804 δὲ
1136 2747 1242 2829 cop-'¹

15 2815 16 2868 ἰ
116 2818 215 2898 nunde
228 2813 301 2905 εἶμι
320 2843 435 2887 noram
448 2829 484 2886 et
496 2843 581 2924 quae
596 2822 648 2886 sui
662 2821 753 2912 juris
775 2821 821 2887 sit
841 2822 1037 2886 sententiam
1060 2822 1165 2890 ordiri
1183 2833 1219 2894 et
1353 2841 1357 2852 “

15 2913 16 2952 ³
115 2901 436 2988 redimendorum,
458 2906 763 2994 qutadEph.5,8.
783 2905 1132 2994 p0228rApostolum
1147 2931 1218 2976 mo-
1320 2941 1322 2948 ·

116 3013 155 3058 re
170 3013 234 3058 suo
246 2995 307 3072 μέν
321 2999 396 3056 ante
408 2989 510 3074 νόμος
528 2981 563 3077 (ὅ
575 2991 636 3074 μὲν
649 2985 780 3071 Νόμος)
801 2991 975 3056 reticuisse
990 2991 1158 3063 contendit
1168 3000 1218 3079 (v.

15 3075 16 3120 ³
117 3084 190 3146 not.
214 3073 257 3140 ad
274 3076 420 3162 lo,1o.).
461 3075 506 3142 Et
522 3083 561 3141 ut
582 3069 717 3156 οἴδαμεν
736 3075 820 3140 nihil
839 3085 1070 3163 praeterquam
1091 3086 1235 3160 conum,

115 3159 228 3229 Paulo
244 3159 462 3228 declaraverit
467 3209 479 3267 3
501 3179 618 3248 aspera
631 3169 741 3225 tomen
755 3170 793 3236 et,
803 3159 994 3226 inconcinna
1013 3160 1116 3228 fuerit
1137 3165 1218 3231 haec

115 3243 279 3335 loquendi
294 3243 419 3333 formo:
442 3239 619 3328 οόόομον
638 3238 719 3330 γὰρ,
742 3237 795 3310 ότι
814 3241 833 3310 ὁ
853 3246 914 3328 μὲν
930 3241 1046 3328 Νόμος
1065 3269 1218 3330 πνευμα-

116 3345 215 3427 τικός
238 3347 344 3430 ἐστιν,
375 3333 460 3436 tyni
481 3347 525 3415 dd
546 3341 750 3434 σορκοκός
771 3341 869 3428 εἰμι.
917 3345 1004 3414 Nam
1028 3349 1218 3432 significatu
1294 3349 1298 3360 '

119 3435 256 3525 quidem
278 3427 413 3516 οἴδαμεν
432 3440 526 3499 notat
545 3439 703 3513 nouimus,
733 3431 882 3519 quumvis
902 3454 984 3499 usus
1005 3454 1044 3499 eo
1063 3435 1231 3518 raineri&

118 3528 157 3587 ut
171 3519 260 3585 nihil
276 3519 342 3582 nisi
361 3527 487 3589 constat
505 3516 719 3601 cogitaretur.
758 3511 894 3598 οἴδαμεν
907 3516 985 3605 γὰρ]
1004 3519 1052 3590 Α.
1065 3518 1112 3587 D.
1126 3517 1167 3590 Ε.
1182 3531 1218 3589 ot

15 3610 16 3672 i
119 3606 219 3696 pauci
233 3603 296 3669 alii
316 3597 451 3684 οἴδαμεν
469 3604 506 3669 dd
521 3609 647 3678 condet
667 3605 797 3667 notem
813 3602 855 3688 (i.
866 3623 897 3670 e.
910 3610 949 3667 nt
966 3603 1216 3690 praecedentem

118 3689 319 3758 sententiam
337 3687 527 3774 explicem.)
567 3685 773 3752 Vocabulum
792 3681 1030 3770 πνευματικός,
1058 3688 1147 3778 quod
1165 3692 1217 3758 ito
1341 3689 1376 3738 ι’

118 3774 264 3862 Puplum
281 3772 315 3838 h.
328 3772 353 3838 l.
370 3773 521 3860 posuisse
536 3781 627 3839 utne
641 3773 713 3860 ipse
728 3769 858 3924 quidem
872 3769 945 3838 e'us
960 3771 1024 3839 rim
1043 3774 1125 3840 satis
1139 3795 1217 3864 per-

118 3870 251 3950 ceptam
273 3853 411 3924 haberet
430 3857 549 3928 umor.
570 3859 688 3924 statuit
709 3859 723 3944 (
749 3860 781 3944 )‚
809 3858 841 3924 ei
859 3879 882 3946 p
897 3877 994 3924 auum
1014 3857 1060 3925 sit
1079 3881 1217 3928 neccsse

119 3956 194 4029 est,
221 3943 365 4096 quitum
387 3937 446 4008 τόν
459 3937 573 4032 Νόμος
592 3961 764 4026 perronam
782 3941 912 4024 induci,
937 3948 1007 4008 tom
1022 3943 1093 4010 roci
1110 3967 1216 4010 oreo-

118 4053 223 4116 ματικ
245 4041 393 4106 crucem
414 4021 570 4114 ospurxdg
588 4026 728 4115 opponi,
764 4041 848 4114 quae
866 4025 977 4095 veritis
1002 4026 1217 4115 πεπραμένος
1321 4083 1330 4094 ,

118 4111 190 4183 dno
209 4112 272 4203 τὴν
287 4104 468 4195 (Αμορτίαν
486 4121 666 4198 exponatur
687 4110 968 4180 animadverterit.
1018 4111 1092 4180 Jam
1109 4133 1216 4182 πνου-

118 4199 259 4284 ματικοί
273 4204 350 4263 sunt
365 4195 422 4284 qni
433 4195 553 4280 spiritu
563 4218 591 4262 s.
605 4194 768 4262 ducuntur
789 4196 808 4262 1
822 4196 901 4268 Gor.
915 4197 947 4284 3,
962 4197 994 4264 l.
1012 4197 1064 4284 12,
1080 4199 1112 4267 l.
1135 4197 1213 4272 Gal.

15 4341 16 4346 ,
119 4288 221 4368 o,1..
264 4281 485 4369 Quamobrem
508 4291 661 4348 errarunt
680 4287 714 4346 et
736 4276 1093 4368 quinvevportao'e-ad
1105 4283 1214 4362 Deum

15 4369 17 4428 ὲ
121 4371 258 4460 (Grotz
286 4367 343 4437 les
357 4388 379 4434 o
392 4363 697 4454 vermescerent,
725 4365 784 4455 qui
802 4373 859 4440 est
874 4367 1123 4460 spiritum
1139 4369 1213 4440 sca
