2842 5060
165 325 258 483 ¹co·
324 479 330 484 ‘
399 370 1080 444 arrsronna-unonnaos
1157 453 1160 461 .

189 522 273 602 ῖίντσ
292 507 364 599 cnm
386 535 500 601 multis
521 531 687 600 veteribus
708 521 967 622 explicatoribrrs
995 538 1044 621 (v.
1058 535 1186 622 natam)
1213 539 1293 623 post
1400 567 1409 574 ⁴

190 619 361 701 abaciaco
374 622 609 706 suppleverunt
625 621 773 705 (invenio
789 621 910 704 igitur,
930 621 977 685 ita
992 643 1041 685 me
1057 621 1163 686 Masis
1182 621 1291 703 legem

134 765 138 769 .
184 705 331 782 habere,
355 711 391 785 ut
412 709 582 770 honestum
603 706 742 794 exsequi
762 705 872 789 aelim)
890 706 988 770 verba
1009 715 1118 772 autem
1139 701 1192 771 ὅτι
1215 705 1293 788 ἐμοὶ

167 788 228 855 -τὸ
243 783 557 876 κακόκπσοοίκεισσι
580 813 664 877 qliae
683 792 819 855 maltum
844 791 1141 857 incommodassent
1162 790 1293 881 abjece-

188 867 270 939 runt
286 877 327 939 iis
342 875 460 939 deletis
475 877 645 963 praeclare
667 897 796 940 versum
809 876 864 944 21.
886 898 958 940 eum
983 899 1013 943 v.
1028 877 1082 944 22.
1104 876 1194 960 cairo
1218 875 1293 962 api·

187 960 272 1027 nati.
313 960 467 1026 Ceterum
484 984 502 1024 a
518 963 631 1027 nostri
645 961 862 1048 explicatione
884 961 910 1026 ii
932 964 1080 1049 proxime
1104 961 1293 1043 abluerunt,

189 1044 249 1132 σοί
269 1043 326 1128 οὑν
345 1043 446 1126 νόμον
469 1047 492 1114 i.
508 1068 541 1133 q.
560 1042 665 1111 accdi
683 1047 742 1110 τὸὺ
761 1043 1173 1127 supervacuaneum
1193 1047 1226 1114 h.
1240 1065 1292 1113 s.:

187 1131 341 1212 intelligo
356 1132 477 1214 igitur,
498 1131 621 1196 volenti
636 1130 717 1195 milri
737 1131 857 1197 honrrm
875 1132 985 1198 facere
1007 1131 1185 1197 secundum
1203 1131 1293 1213 legis

186 1237 272 1282 ruas.
286 1227 479 1302 praecepta,
499 1215 651 1304 adjacere
667 1216 747 1280 milri
761 1217 881 1282 malum
898 1218 1008 1302 (Prot.
1023 1238 1077 1305 ap.
1094 1216 1193 1298 Oea,
1225 1216 1293 1280 Va-

188 1301 293 1381 raon,
316 1301 356 1368 L.
370 1301 447 1367 lios.
462 1300 581 1368 Exere.
595 1325 629 1390 p.
645 1303 719 1369 108.
733 1303 808 1383 al).
856 1301 977 1368 Restat
998 1308 1035 1366 at
1053 1309 1166 1368 eorum
1184 1303 1293 1366 inter·

142 1405 148 1422 .
185 1395 319 1538 prelum
335 1386 446 1472 opinio
463 1387 655 1464 refellatur,
676 1387 733 1472 qui
749 1384 807 1470 οὑκ
822 1381 922 1469 νόμον
935 1388 991 1451 hlc
1004 1407 1170 1470 normam,
1196 1407 1292 1472 repa-

202 1493 274 1552 am,
293 1470 530 1555 praescriptum
545 1471 661 1557 (Bana.
674 1470 717 1534 ad
729 1491 760 1536 v.
775 1471 829 1538 23.
844 1472 984 1537 barbare
999 1473 1099 1536 vertit
1112 1471 1292 1552 dictamen)

124 1609 129 1617 .
185 1556 358 1625 declarare
387 1553 609 1624 crediderunt.
664 1555 757 1640 Quos
784 1577 979 1644 quamquam
998 1558 1164 1621 erravisse
1185 1577 1224 1620 ex
1244 1555 1289 1620 iis

106 1670 115 1684 ·
184 1649 299 1731 patet,
321 1631 441 1727 arcibus
454 1639 512 1704 τὸν
525 1636 627 1723 νόμον
641 1640 674 1709 lr.
688 1642 713 1708 l.
727 1642 827 1726 leycm
839 1663 917 1709 mcc.
931 1643 1046 1727 utique
1055 1643 1171 1710 ,valere
1187 1661 1291 1728 supra

157 1725 410 1810 sostendimns,
431 1735 539 1790 tamen
555 1748 666 1791 aarum
681 1726 812 1792 inventa
829 1725 1011 1812 cujusmodi
1027 1727 1096 1791 sint
1109 1728 1220 1814 'paullo
1229 1747 1292 1800 ae-

26 1788 29 1794 ·
82 1883 97 1896 ,,
183 1813 510 1898 οσοείῖιιοεκροσεοι
530 1819 727 1899 propterea,
755 1812 908 1898 antoniam
932 1813 992 1877 illo
1013 1833 1128 1877 errore
1148 1812 1292 1900 optimos

183 1898 409 1986 explicatores
425 1897 543 1960 ductos
557 1918 630 1962 esse
649 1896 755 1964 video.
804 1897 897 1962 Bcza
918 1897 1039 1982 igitur,
1065 1897 1216 1976 Kaelln„
1242 1895 1291 1964 al.

184 2004 287 2072 quum
306 1990 364 2047 ant
388 1981 546 2046 Dativum
568 1981 621 2066 τῷ
642 1981 822 2048 θέλοντι
845 1979 921 2062 ἐμοὶ
940 2004 976 2046 π.
999 2005 1030 2051 a.
1051 2008 1081 2049 κ.
1104 2002 1123 2046 a
1146 1979 1292 2047 formulai

182 2063 329 2157 εὑρίσκω
343 2061 400 2131 τὸν
413 2061 515 2146 νόμον
526 2065 794 2154 suspendissent,
821 2074 878 2130 ant
899 2057 978 2132 ῖίκτα
997 2089 1028 2134 s.
1049 2063 1193 2132 δοθέντα
1212 2069 1293 2153 post

182 2153 242 2219 σὸν
264 2147 364 2234 νόμον
386 2152 561 2236 cogitando
582 2149 804 2230 addidissent,
834 2151 882 2216 sic
905 2158 1122 2217 enarrarunt:
1157 2149 1291 2216 inuenio

181 2239 290 2324 igitur
304 2237 426 2300 solenti
439 2236 636 2300 mihifacore
650 2236 768 2300 bonum
785 2235 867 2298 hanc
881 2237 985 2318 legam
1001 2237 1189 2323 impositam
1203 2257 1293 2316 esse,

182 2333 223 2389 ut
238 2320 319 2384 mihi
335 2321 454 2384 malum
468 2319 629 2423 adjaceat.
672 2321 725 2387 At
738 2341 832 2385 nemo
845 2318 929 2384 dixit
941 2316 1082 2398 εὑρίσκω
1098 2319 1174 2400 ἐμοὶ
1189 2315 1292 2400 νόμον

74 2396 80 2411 “
181 2427 245 2497 pra
263 2400 405 2489 εὑρίσκω
421 2402 608 2486 ε’μοίκομον
622 2395 702 2469 ίίκσα
724 2427 753 2471 s.
774 2401 929 2468 coaeum.
978 2403 1157 2469 Praeterea
1178 2407 1232 2470 vel
1251 2410 1292 2470 ut

149 2513 152 2521 ·
181 2490 384 2574 ambiguitas
401 2490 583 2555 evitaretur
603 2491 752 2554 τοῦτον
772 2487 829 2553 τὸν
840 2484 941 2569 ariaci
953 2487 1161 2554 scribendam
1177 2491 1293 2558 fuerat

181 2576 296 2642 verbis
309 2576 358 2638 sic
372 2575 553 2642 ordinatis:
574 2568 718 2656 εὑρίσκω
734 2566 800 2659 ripa
812 2572 859 2656 τῷ
872 2573 1008 2639 θέλοντι
1022 2571 1099 2655 ἐμοί
1116 2576 1226 2639 ποιεῖν
1247 2571 1290 2639 τὸ

183 2657 416 2726 seleucenum
427 2656 484 2723 τὸν
497 2654 598 2740 νόμον
610 2656 753 2722 δοθέντα
768 2651 822 2721 ὅτι
835 2665 911 2726 etc..
953 2659 1060 2725 Multa
1076 2656 1173 2747 pejus
1182 2658 1291 2728 Gala:

179 2746 307 2829 reperio
323 2743 426 2828 igitur
441 2744 583 2831 aliquam
598 2743 833 2829 (tyrannicam)
855 2744 961 2826 legem
984 2747 1147 2828 [neglexit
1165 2746 1291 2809 articu-

130 2866 134 2882 =
180 2822 251 2897 lrim
273 2826 344 2893 τὸν
360 2823 476 2915 νόμον]
493 2829 616 2894 volenti
632 2828 712 2891 mihi
724 2827 832 2892 facere
854 2828 995 2910 honum,
1019 2829 1095 2915 auia
1116 2823 1200 2914 (ὅτι)
1222 2851 1290 2892 me-

18 2957 25 2990 e
133 2933 136 2938 ·
182 2914 288 2982 dull-is
314 2914 395 2978 meis
420 2923 453 2978 et
475 2914 608 2982 ossibus
630 2912 729 2976 infixa
751 2919 803 2977 est
825 2911 992 2978 vitiositas
1013 2914 1081 2996 legi
1103 2913 1168 2977 Dei
1187 2935 1290 3001 repu-

181 2999 321 3089 gnans!
358 2990 841 3082 Grot.‚1.tma.‚scaoeape¹a.‚
866 2996 976 3084 Wolff,
999 2998 1149 3080 Baalim„
1172 2999 1297 3082 Flatt.,‘

122 3159 125 3174 p
181 3084 567 3186 Ammonmlleacclrirps,
595 3081 675 3185 Wip.
691 3103 742 3165 gr.
756 3104 789 3170 p.
803 3083 881 3149 496.
896 3083 942 3150 al.
957 3084 1056 3147 verba
1072 3083 1121 3147 sic
1135 3090 1306 3152 seruante

180 3166 326 3273 εὑρίσκω
344 3191 411 3254 apa
423 3167 480 3232 τὸν
491 3191 611 3252 copon,
640 3189 693 3230 οτι
705 3168 752 3251 τῷ
766 3165 902 3230 θέλοντι
916 3163 991 3249 ἐμοὶ
1007 3171 1118 3232 ποιεῖν
1133 3167 1172 3232 τὸ
1187 3167 1291 3232 καλὸν

123 3251 126 3256 ’
178 3277 220 3321 aa
243 3251 343 3317 κακὸν
364 3247 575 3336 παράκειται.
605 3249 736 3314 invenio
757 3248 861 3331 igitar
887 3251 970 3314 hanc
998 3256 1151 3337 (naturae
1179 3255 1290 3338 meae)
1327 3259 1331 3264 '

116 4341 132 4384 ἱ

178 3358 327 3405 normam
346 3344 382 3399 ut
395 3334 519 3400 volenti
534 3335 614 3401 mihi
628 3335 745 3398 benum
760 3334 869 3398 facere
882 3336 1002 3399 malurn
1015 3336 1177 3425 adjaceat.
1211 3338 1289 3424 Quo

179 3424 267 3530 nihil
281 3421 350 3525 pidi
364 3420 561 3526 eontpptias.
603 3417 732 3518 Nempe
753 3419 902 3504 proxime
921 3419 1294 3524 admovendumqfuerat

180 3503 433 3678 amm
446 3505 1290 3692 asalsamentum{topicen

182 3673 284 3744 adada
297 3677 353 3740 καί
366 3674 426 3760 τὴν
438 3678 573 3776 papaixa
587 3669 692 3738 αὐτοῦ
706 3711 748 3720 -
760 3665 850 3738 ind
863 3669 909 3739 λό
917 3671 1028 3760 yonii
1035 3698 1074 3742 aa
1096 3667 1174 3742 οὑτε
1194 3673 1290 3744 ἄπο-

79 3800 84 3806 -
182 3758 420 3846 mapali-{avara
451 3780 528 3822 οοτε·
554 3753 796 3858 σφαγιοίζονται
823 3753 976 3859 {irapinas
1003 3757 1104 3826 αὑτὸν
1125 3785 1154 3826 κ.
1175 3785 1203 3827 r.
1226 3764 1289 3846 λ.).

179 3845 291 3915 Credo
318 3846 417 3910 etiam
440 3841 579 3908 Paulum
606 3865 758 3907 τουτον
782 3841 840 3908 τὸν
866 3867 967 3926 napea
987 3842 1151 3910 dicturam
1180 3847 1289 3914 fuisse

178 3932 329 4017 (13,9.):
350 3924 495 4013 εὑρίσκω
510 3918 576 4012 ίίρα
590 3928 707 3992 τοῦτον
720 3924 778 3992 τὸν
791 3921 909 4013 νόμον,
931 3923 986 3996 ὅτι
1002 3927 1079 4014 ίμοί
1090 3933 1138 4020 api
1150 3929 1289 4002 θέλοντι

182 4012 345 4094 ποιεῖντὸ
359 4011 459 4077 καλὸν
472 4007 512 4076 ad
525 4010 624 4076 κακὸν
641 4006 851 4094 παράκειται.

265 4099 313 4167 V.
327 4099 382 4164 22.
410 4097 562 4162 Fulcitua
575 4097 737 4161 sententia
752 4098 863 4195 verlpis
880 4119 909 4164 v.
924 4098 979 4166 21.
1001 4089 1072 4166 τίκ
1092 4097 1218 4183 νόμον
1236 4103 1288 4168 vai

102 4197 116 4238 ³
181 4185 320 4252 θέλωσι
335 4183 411 4265 ἐμοὶ
424 4171 550 4258 ποιεῖν,
572 4179 610 4248 τὸ
625 4175 725 4244 καλόν
738 4173 993 4269 comprehensa:
1020 4185 1119 4270 leyem
1135 4207 1185 4252 me
1206 4165 1288 4253 celle
1338 4269 1342 4276 .
1406 4211 1410 4214 ·

181 4270 350 4338 uocauere
371 4268 404 4335 h.
426 4289 456 4335 ε.
480 4267 652 4332 honestum
671 4265 798 4345 lacere,
833 4267 980 4333 dicebam
1000 4273 1047 4354 (v.
1061 4271 1142 4356 21.).
1196 4271 1286 4338 Nam

179 4357 272 4444 intas
285 4351 448 4464 laetitiam
462 4351 578 4441 chci
588 4352 663 4438 lege
676 4350 836 4442 percipio,
858 4359 1021 4443 quatenus
1034 4355 1175 4424 interior
1189 4357 1287 4424 homo
