2814 5056
140 323 143 330 ’
193 359 257 430 ree
379 303 1095 464 'srnsronnnnnonnnos

149 529 152 534 “
192 497 677 606 quemadmodumangelorum*
687 517 873 606 principes,
897 539 933 583 se
949 519 1069 582 sistere
1083 515 1211 600 credas.
1235 511 1297 582 -Ὲῐ

94 634 107 666 ’.
141 607 143 614 ’
193 604 493 692 quamspirituss.
512 601 922 692 pioranhristianornm
945 604 1105 686 magister
1123 603 1169 668 sit
1189 611 1224 666 et
1246 611 1297 666 to-

194 705 249 755 tor
263 688 342 758 Joh.
358 690 471 772 16,13.
494 691 573 758 Act.
586 711 614 758 c.
630 691 663 759 2.
686 690 763 755 Gal.
775 689 889 772 5‚22.,
918 689 1035 775 quidni
1056 689 1204 752 homines
1226 688 1298 774 quj-

192 777 255 838 hus
278 775 387 839 faveat
411 777 442 840 in
465 777 620 840 caelitum
643 774 783 839 concilio
812 768 992 840 defendat?
1020 771 1120 840 Certe
1142 772 1299 840 Christus

192 861 294 924 nunc'
309 862 401 925 caelo
426 868 579 947 receptus
608 860 787 926 amicorum
810 881 943 924 snorum
964 880 1096 924 carosam
1119 860 1190 944 agit
1211 855 1298 946 apud
1394 907 1395 912 1

166 963 169 968 “
188 945 301 1010 Deum
315 945 408 1025 8‚3o.
424 945 529 1012 Hebe.
542 945 650 1026 Ὶ,25..
669 967 674 974 ·
695 943 793 1031 Quod
807 945 916 1010 antem
939 943 1117 1031 gemendo,
1139 965 1236 1032 quem
1250 945 1298 1008 lo-

191 1029 320 1118 quendo
337 1044 370 1094 et
384 1031 522 1094 acerbos
537 1031 719 1112 hominum,
743 1051 882 1117 quorum
897 1031 1042 1095 tutelam
1064 1039 1178 1112 gerat,
1200 1051 1297 1093 casus

176 1113 355 1181 ‘narrando
368 1115 455 1201 apud
470 1115 578 1182 Deum
593 1115 797 1180 intercedere
813 1116 925 1196 malit,
954 1114 988 1180 id
1009 1115 1183 1204 pudori'et
1205 1135 1298 1178 reve-

191 1201 337 1282 rentiae,
359 1223 457 1287 qinom
481 1203 531 1267 rel
555 1201 763 1284 archangelis
783 1200 851 1266 Dei
872 1203 1060 1287 praesentia
1083 1211 1117 1269 et
1137 1197 1297 1288 majestas
1394 1253 1395 1256 ,

189 1287 348 1366 incutiat,
369 1296 478 1352 utsua
494 1286 731 1352 votamodeste
747 1293 843 1369 gestu
866 1285 1040 1351 lubentius
1057 1286 1298 1369 adsignificent,
1394 1297 1395 1302 ’

189 1391 287 1458 quam
311 1393 409 1458 quum
433 1393 470 1436 ca
494 1373 604 1437 verbis
626 1373 887 1452 enuntiaverint,
921 1371 1150 1438 immodestiae
1173 1373 1297 1434 erinnen

131 1489 133 1499 =
190 1457 382 1538 incurrant,
401 1456 506 1522 tribui
520 1462 643 1545 potest.
686 1457 761 1524 Non
778 1457 913 1522 obstant
931 1457 1006 1522 huie
1029 1455 1298 1545 interpretationi

119 1544 122 1546 ’
190 1563 223 1611 v.
236 1565 268 1611 v.
282 1544 337 1610 27.
353 1535 371 1605 ri
386 1543 423 1608 de*
439 1541 579 1630 ἐρευνῶν
602 1539 823 1644 νὰςναρόιάς
842 1543 988 1628 (Olorem,
1009 1542 1167 1625 Mearm).
1210 1539 1296 1606 Nam

12 1671 19 1688 .
132 1683 135 1686 .
194 1629 253 1693 hoe
276 1649 408 1715 qnoque
426 1628 526 1694 Dens
555 1649 591 1693 se
621 1649 801 1694 ronamornm
827 1649 980 1696 recessus
1000 1628 1152 1708 cognitos
1175 1627 1297 1692 habere

123 1757 128 1767 s
192 1711 363 1793 ostendat,
385 1711 473 1800 quod
489 1711 759 1800 quaeepiritnrr.
777 1721 883 1778 menie
900 1713 959 1778 sud
976 1711 1142 1778 abdiderit
1157 1714 1244 1777 sciat
1257 1712 1298 1775 lt.
1394 1777 1395 1788 ¹

190 1808 244 1863 eet
258 1799 369 1863 verbis
385 1819 448 1862 non
464 1799 628 1886 exposito.
673 1797 740 1862 Sed
758 1819 842 1863 nune
857 1799 1009 1886 spiritum
1033 1797 1102 1865 div.
1123 1799 1156 1862 in
1179 1797 1298 1863 arrianis
1394 1835 1395 1842 κ

187 1883 306 1949 rnortrio
320 1905 380 1971 pro
397 1883 493 1947 nobis
508 1884 550 1948 ad
563 1882 627 1948 rite
644 1883 841 1968 precandum
865 1883 988 1985 ineptis
1010 1883 1096 1972 apud
1110 1883 1219 1948 Deum
1239 1903 1297 1965 ge-

188 1968 342 2048 mitibus,
365 1991 428 2032 non
443 1969 611 2033 verbis'de
625 1967 723 2033 Pauli
738 1971 901 2034 senitentiei
918 1968 1122 2034 intercedere
1137 1970 1296 2035 arbitror.
1324 2043 1326 2050 s

186 2049 301 2120 Primo
317 2054 404 2118 enim
422 2056 500 2135 hence
516 2053 694 2139 explicatio
709 2076 747 2118 eo
763 2054 1021 2134 commendatur,
1043 2053 1210 2141 qorodAp.
1226 2053 1295 2141 spi-

179 2139 291 2203 ·ritum
311 2161 343 2206 s.
365 2147 498 2204 nostrae
523 2139 709 2204 inlirmitati
733 2154 795 2203 non
818 2141 955 2219 minus.
976 2163 1072 2226 quarn
1096 2147 1297 2205 constantem

188 2223 324 2310 picturae
342 2222 516 2310 felicitatis
532 2225 805 2309 exspectationem
827 2226 987 2312 opitulari
1006 2226 1154 2313 scripsit.
1200 2223 1296 2288 Hanc

187 2327 268 2373 nero
292 2316 398 2373 menete
416 2318 617 2394 eor'rceptarnr
633 2305 791 2374 loremds.
840 2310 967 2375 Deinde
989 2310 1055 2392 div.
1076 2310 1231 2399 spiritum
1253 2309 1296 2373 od

187 2412 250 2458 uos
273 2392 413 2476 benigne
435 2391 595 2458 divinitus
619 2392 754 2458 naissum
774 2395 961 2482 animisque
982 2398 1108 2461 constris
1128 2405 1296 2482 receptum

188 2478 285 2541 nobis
308 2478 424 2564 quovis
448 2486 543 2566 paeto

186 2562 372 2627 docuerunt
384 2561 462 2631 Joh.
478 2563 529 2643 15,
538 2501 591 2631 ed.
607 2566 656 2643 lo,
669 2565 719 2631 13.
731 2567 818 2650 Act.
836 2567 906 2646 1,8.
920 2569 992 2646 2,1.
1008 2589 1060 2654 sq.
1080 2569 1129 2648 lu,
1138 2568 1171 2632 2.
1192 2565 1297 2635 lGor.

187 2650 284 2726 3,16.
300 2648 377 2715 Gal.
392 2649 486 2728 5,22.
504 2648 587 2736 Eph.
604 2651 635 2728 1,
646 2650 698 2716 14.
714 2650 746 2730 4,
757 2652 811 2717 30.
828 2654 890 2735 al.²
914 2673 1077 2738 nunquam
1097 2653 1157 2715 hoc
1179 2673 1298 2716 numen
1329 2702 1338 2717 ,

186 2735 221 2798 in
234 2734 389 2798 caelitum
405 2735 545 2800 concilio
561 2739 620 2808 rios
633 2733 810 2800 defendere
824 2737 1076 2802 corrtenderunt.
1105 2736 1192 2801 Tum
1207 2737 1297 2822 quod
1376 2753 1380 2760 '

589 2479 756 2566 respicere
778 2489 968 2547 constanter
984 2480 1029 2549 N.
1048 2481 1092 2547 Τ.
1114 2482 1297 2567 scriptores
1394 2483 1395 2486 ’

188 2817 230 2886 Ρ.
246 2819 392 2887 divinum
406 2819 560 2906 spiritum
572 2819 667 2884 rintus
683 2820 718 2884 in
735 2823 899 2886 mentibus
914 2823 1040 2886 riostris
1055 2821 1184 2909 aliquid
1196 2844 1298 2906 agere
1394 2871 1395 2880 .

187 2902 292 2987 dixit,
310 2925 419 3007 ‘qurum
434 2904 500 2993 ipsi
515 2904 599 2969 nihil
620 2927 775 2989 agamus,
802 2907 927 2972 nullam
948 2906 1160 2974 offensionem
1184 2908 1298 2978 habet.

75 2997 80 3013 “
186 2986 274 3056 Nom
290 3011 320 3054 ει
335 2989 423 3076 quod
439 3011 557 3055 numen
578 2989 721 3080 alicujus
741 3013 861 3080 corpus
885 3002 1092 3080 mentemque
1112 2995 1298 3094 occupavit,
1392 3051 1395 3064 .

187 3095 253 3141 non
266 3073 316 3140 ibi
332 3082 462 3163 torpet,
485 3073 543 3140 sed
557 3084 712 3162 tanquam
728 3075 762 3141 in
776 3099 837 3141 suo
852 3076 1020 3149 domicilio
1036 3079 1177 3144 hominos
1193 3101 1297 3144 onem-

186 3161 258 3225 brie
271 3181 366 3225 usum
382 3165 443 3248 pro
458 3161 529 3225 suis
544 3171 721 3247 operatur,
737 3161 835 3250 jubet
848 3169 956 3244 vetat,
977 3165 1097 3230 clarnat
1115 3174 1203 3228 tacet
1224 3163 1297 3228 dis-

97 3258 100 3264 '
131 3299 132 3304 ,
185 3244 362 3331 tinguique
377 3254 487 3330 potest
502 3245 590 3394 rpuod
605 3267 722 3312 nnmen
740 3247 896 3313 moliatur
910 3251 953 3310 ab
966 3271 1003 3314 eo
1019 3248 1106 3336 quod
1119 3251 1223 3320 *homo
1245 3253 1297 3314 fa-

65 3391 69 3408 ,
186 3330 271 3410 ciat,
292 3331 407 3394 tumui
424 3353 484 3395 suo
502 3332 511 3394 i
527 3330 585 3396 lud
601 3331 709 3396 Marto
724 3330 851 3419 aliquid
868 3333 1038 3414 instituat,
1061 3344 1097 3399 ut
1111 3335 1144 3402 h.
1158 3336 1202 3413 l.‚
1224 3344 1297 3400 turn

167 3416 221 3497 ssi,
238 3414 422 3481 reluctante
442 3411 609 3498 honoriae‚⁵
627 3439 722 3503 quern
744 3417 777 3481 in
800 3427 965 3505 potestate
991 3420 1129 3500 lrabeat,
1165 3420 1299 3508 aliquid

185 3505 339 3588 peragat.
381 3498 512 3564 Socrati
528 3523 627 3587 quum
647 3501 871 3582 defensionem
895 3503 1046 3579 meditari
1072 3505 1174 3570 vellet
1194 3503 1299 3592 ἠναν-

184 3578 298 3669 τιώθη
318 3580 356 3650 τὰ
383 3583 557 3666 δαιμόνιον
579 3585 665 3654 Xeo.
682 3585 781 3655 Mem.
796 3589 919 3668 4,8,5..
965 3587 1094 3678 Irnpnri
1116 3589 1298 3671 daemones

12 3655 20 3664 ⁵
116 3722 118 3732 .
186 3669 355 3734 hominurn
378 3691 516 3755 corpora
540 3671 689 3754 inpressi.
705 3675 886 3760 loquuntur
906 3681 939 3739 et
960 3676 1104 3740 clamant
1125 3675 1247 3744 March.
1264 3677 1300 3756 8,

188 3753 244 3822 28.
258 3775 310 3840 sq.
320 3753 383 3820 Mn.
395 3757 541 3834 l‚26.al'.
556 3779 585 3823 ν.
597 3757 838 3841 Eieernnenyeri
849 3761 1069 3830 uterentneutee
1083 3763 1230 3843 &utente
1246 3760 1301 3843 ll,

114 3899 120 3910 ,
186 3843 325 3924 cusq..
369 3838 445 3904 Non
461 3845 693 3930 tamApostoli
710 3865 818 3908 coram
839 3843 1002 3910 'ndioibns
1018 3847 1083 3934 ipsi
1101 3849 1301 3932 loquuntur,

187 3924 286 4014 quenl
299 3925 366 3991 div.
381 3928 520 4013 spiritns
537 3929 633 3991 uerba
650 3929 692 3992 iis
709 3865 927 4016 suppeditans
941 3951 971 3997 v.
982 3929 1101 3998 Mettio.
1119 3935 1300 4018 lutusq.

186 4014 235 4092 el.
247 4011 329 4076 Luc.
347 4011 398 4090 12,
410 4016 448 4076 ll
466 4035 546 4102 sq..
575 4012 724 4100 Spiritus
739 4035 768 4080 s.
785 4014 1088 4081 mentibns‘nostris
1109 4037 1128 4079 a
1146 4018 1220 4081 Deo
1243 4017 1300 4093 in·
1334 4051 1336 4053 ·
1393 4049 1395 4100 J

186 4096 279 4160 ditus
295 4089 409 4182 κράζει
427 4095 605 4178 depretiat.
617 4100 650 4176 4,
659 4103 705 4166 6..
749 4098 867 4185 Quum,
875 4097 915 4167 Ρ.
927 4099 1027 4170 llorn.
1039 4103 1074 4183 8‚·
1084 4102 1135 4168 15.
1151 4125 1213 4166 rios
1227 4102 1299 4186 rpi-

122 4242 126 4253 ,
167 4191 169 4194 ’
186 4182 271 4248 ritus
282 4191 313 4246 e.
326 4180 465 4270 irnprrtsn
479 4178 628 4269 κράζειν·
651 4177 740 4266 ἆββᾶ
752 4187 788 4248 al
790 4186 946 4265 firmaret,
961 4207 1026 4251 non
1040 4186 1126 4252 illud
1140 4186 1207 4254 div.
1223 4187 1298 4275 spi-

186 4266 287 4331 ritum
304 4265 412 4329 lacere
430 4269 578 4350 negarit,
593 4267 651 4331 sed
667 4291 740 4332 eum
755 4280 921 4335 auctorem
936 4271 1032 4337 nobis
1046 4295 1131 4352 esse,
1145 4282 1182 4338 ut
1196 4293 1298 4339 suum

185 4350 373 4438 exemplum
395 4353 517 4439 imitati
537 4361 571 4418 et
587 4352 659 4442 ipsi
680 4347 769 4436 ἀββᾶ
789 4357 957 4443 ploremus
975 4357 1173 4426 enuntiavit.
1223 4357 1298 4424 Do-
