2876 5056
89 1157 91 1204 :
184 1139 271 1204 seira
287 1137 396 1202 Deum
418 1137 580 1204 noluisse.
623 1134 1097 1220 Massn.24‚36.Aot.1‚r.(

140 355 246 450 ἰιι
315 466 319 474 ,
394 322 1079 454 uersrunuaononsnos
1144 323 1147 342 ’

119 477 123 492 ·
180 535 409 614 nunnus:
429 522 505 606 Iam
519 534 642 614 dudum
656 535 745 604 euim
760 487 892 624 tempus
907 533 1009 618 exiit,
1030 557 1096 625 quo
1108 537 1226 626 populi
1236 537 1302 641 jn·
1419 529 1420 548 ¹

182 622 272 699 deici
287 621 331 686 ed
347 641 443 687 saera
458 623 577 692 christ.
589 623 820 687 transitionem
841 630 1035 688 eventuram
1057 645 1132 690 esee
1155 635 1303 713 putaret.
1382 677 1384 690 .
1419 639 1420 656 ³

181 710 273 776 Natu
286 708 455 812 proximis
469 709 567 774 ennio
582 728 691 796 neque
705 707 863 775 Christus
879 708 920 772 da
941 710 1034 773 caelo
1056 718 1211 774 reversus
1235 715 1305 812 est,
1334 713 1335 722 ’
1409 765 1420 784 ,ἵ

79 919 81 926 .
155 815 293 946 llll?
308 791 1303 970 ΡὲἰὶἱὲῗἒἮιῖὲῖῗιέῖῗζέἓὲζῗέξΜιΨΞΣἓῖῗιῗιῖἒὲῗὲιέὲξ

182 967 289 1045 serit,
309 970 421 1036 temen
434 964 508 1057 ejua
523 967 692 1029 oraculum
708 963 774 1030 lide
789 963 925 1044 dignum
938 985 1034 1032 osse:
1059 987 1135 1030 nam
1157 973 1303 1054 tempus,

183 1072 252 1140 que
265 1050 410 1116 Messias
424 1049 465 1115 de
478 1053 570 1126 caelo
585 1050 758 1114 interram
773 1047 945 1115 rediturus
965 1057 1075 1133 esset,
1099 1073 1303 1202 qpemqucm

1142 1142 1303 1222 eyeracs.].
1419 1187 1420 1198 ,

185 1221 379 1304 Sane-dies,
401 1243 466 1309 quo
483 1219 629 1287 Moesiae
645 1221 819 1287 sollemnis
834 1219 877 1286 de
890 1223 983 1286 caelo
1001 1222 1035 1285 iu
1056 1223 1170 1287 orbem
1191 1232 1303 1287 terra·
1419 1207 1420 1268 Ῐ

184 1329 258 1374 rum
281 1305 450 1395 expeditio
471 1307 622 1373 facienda
642 1313 750 1387 esset,
785 1307 907 1372 nemini
936 1307 1302 1390 innocentissima,
1419 1321 1420 1382 ξ

183 1395 259 1482 oc,
302 1391 372 1457 Sed
398 1411 471 1458 eam
497 1391 687 1479 priusquam
706 1391 759 1458 seii
775 1393 927 1480 aequales
947 1393 1133 1459 interissent
1153 1394 1301 1458 loturum

184 1498 261 1544 esse
276 1483 369 1542 carto
392 1478 480 1543 scire
501 1486 651 1542 servator
666 1477 788 1553 Matth.
801 1477 921 1560 24,3r.
940 1486 976 1540 et
991 1475 1118 1542 Paulus
1135 1478 1234 1547 Rom.
1248 1481 1304 1562 13,

81 1578 83 1585 '
187 1565 242 1631 ll.
265 1563 380 1632 lCor.
395 1563 511 1645 15ρἰ
533 1561 694 1630 l‘l'lress.
713 1562 811 1642 tls.
830 1585 880 1650 sq.
904 1562 971 1626 eibi
992 1563 1057 1627 visi
1081 1571 1172 1634 sunt.
1215 1563 1304 1652 Spe-
1419 1615 1420 1620 ,

185 1650 279 1716 ciose
292 1648 438 1728 dixeris,
458 1647 683 1714 neceesarium
697 1648 822 1730 luisse,
842 1656 881 1713 ut
894 1649 991 1712 Deus
1006 1645 1146 1714 Paulum
1160 1647 1201 1715 de
1217 1657 1304 1716 tam-

40 1779 84 1792 ι,
184 1740 603 1824 poreerrorepateretur.
644 1732 834 1801 Cavendum
856 1733 945 1797 enim
970 1734 1096 1814 luisse,
1127 1755 1169 1798 ne
1188 1735 1301 1822 prios-
1419 1739 1420 1796 ξ

186 1819 452 1908 quam‘lromiues
473 1819 650 1884 christiani
672 1839 790 1906 sapere
809 1826 845 1883 et
867 1837 1027 1883 summum
1049 1820 1243 1885 felicitatem
1267 1821 1303 1883 in
1419 1829 1420 1874 Ὗ

132 1926 150 1968 ,·
187 1905 291 1970 animi
316 1904 443 1994 pietate
468 1905 655 1992 mentisque
673 1903 810 1969 actuosis
831 1904 1084 1970 immortalitate
1103 1927 1230 1993 ponere
1249 1905 1304 1970 di·
1419 1919 1420 1996 g

188 1987 351 2056 dicissent
367 1990 600 2078 intempestiva
619 2009 732 2055 eorum
752 1989 866 2077 opinio
886 1987 1068 2056 dcdlessia
1087 1993 1201 2078 paullo
1224 1999 1304 2078 post

188 2069 316 2142 summi
335 2095 410 2142 cum
430 2076 551 2164 pompei
570 2073 611 2139 de
630 2063 722 2140 caelo
746 2081 902 2156 venturo,
938 2084 1119 2140 extremum
1135 2076 1300 2164 judiciium

188 2161 362 2246 magnilica
391 2162 609 2226 commissero
638 2167 672 2225 et
707 2157 916 2248 splendidum
948 2181 1090 2245 *regnum
1124 2161 1302 2227 condituro

188 2245 312 2314 Macen.
334 2232 453 2327 2331.
466 2267 542 2333 sqq.
567 2245 727 2316 l'l'lsesa.
743 2246 777 2326 4,
788 2233 840 2313 15.
856 2247 949 2332 sqq.)
969 2251 1189 2313 everteretur.
1234 2247 1301 2312 Sed
1419 2245 1420 2324 l

187 2331 279 2420 quod
292 2329 557 2399 P.‘deuuotiavit
573 2349 680 2417 neque
693 2351 755 2418 per
768 2352 804 2394 se
820 2332 918 2396 valde
938 2331 1100 2396 credibile
1117 2341 1172 2397 est
1194 2355 1301 2420 ireque
1419 2325 1420 2410 Ῠ

189 2415 319 2482 idoneis
333 2417 541 2498 argumentis
555 2413 598 2478 ab
611 2437 651 2480 eo
665 2413 845 2482 firmatum.
889 2415 1000 2501 Quum
1016 2416 1057 2480 de
1072 2418 1225 2484 omnihus
1248 2441 1303 2482 re-

189 2501 252 2567 bus
264 2521 330 2565 nou
342 2496 458 2565 eidem
470 2501 617 2565 omnium
632 2499 799 2564 homiuum
816 2503 981 2566 sententio
1004 2503 1066 2584 sit,
1095 2504 1227 2568 tum'de
1249 2525 1302 2568 re-

163 2585 253 2654 -bus
273 2581 397 2650 divinis
419 2607 548 2652 summa
567 2605 700 2674 semper
718 2586 784 2650 luit
806 2605 875 2652 sem
901 2580 1003 2673 arque
1021 2589 1089 2652 erit
1108 2589 1300 2675 opinionum

186 2670 430 2758 discrepantia,
451 2677 490 2736 ut
503 2672 682 2758 plerosque
698 2664 841 2754 gentiles
856 2608 984 2739 cdrtsu
999 2673 1210 2760 disciplinam
1226 2697 1302 2762 pro·
1419 2703 1420 2740 ι

184 2756 330 2822 iratum
347 2763 520 2843 totumque
540 2778 582 2844 po
607 2759 699 2822 ulum
718 2756 937 2822 israeliticum
957 2756 1096 2824 cesino
1115 2759 1213 2824 tidem
1243 2759 1302 2824 od-
1419 2747 1420 2816 l

184 2841 353 2933 jecturcm
369 2861 445 2906 esse
466 2862 530 2906 nen
550 2863 568 2907 a
595 2829 725 2908 modurn
745 2841 928 2907 verisimile
946 2842 1005 2912 sit.
1048 2842 1139 2910 Scite
1158 2844 1300 2911 Wetste-
1419 2849 1420 2864 ³

135 2937 136 2944 ’
179 2928 279 2995 nius:
300 2925 380 3008 „Ex
395 2927 457 2991 lroc
471 2928 544 2992 loco
562 2925 696 3013 quidam
711 2927 855 3015 probare
868 2929 1056 3010 voluerunt,
1075 2951 1225 3014 magnam
1240 2930 1301 2998 Ju-

49 3023 50 3032 ’
188 3012 347 3078 decorum
371 3010 415 3076 ad
434 3011 605 3080 Christum
631 3012 880 3078 couversionem
907 3014 1015 3079 adhuc
1045 3017 1299 3102 exspectandam

91 3105 93 3114 ’
181 3114 279 3166 iesse.
305 3097 450 3166 -Atnnn
466 3099 572 3182 magis
587 3099 663 3164 hinc
676 3099 855 3186 probatur,
876 3119 991 3165 omnes
1006 3099 1152 3170 ludaeos
1164 3123 1301 3167 conver·

142 3213 147 3218 ·
179 3201 262 3249 eum
275 3183 336 3265 iri,
348 3193 456 3268 ”quam
472 3191 717 3267 umnesgentes
737 3203 778 3250 ex
798 3185 999 3252 commem.
1040 3186 1174 3251 Deinde
1194 3209 1300 3274 nequa

188 3289 263 3335 cum
280 3269 397 3334 naturis
410 3269 553 3334 hominis
568 3289 674 3356 neque
687 3289 760 3334 cum
774 3267 887 3334 indole
902 3270 1070 3338 doctrinae
1079 3271 1208 3338 Christi
1222 3293 1301 3338 nou-

48 3363 53 3379 '
188 3351 300 3434 sistit,
322 3355 474 3418 attalem
491 3355 705 3420 mutationem
723 3373 907 3444 speremus.
951 3355 1100 3436 Scimus,
1123 3357 1205 3446 quid
1223 3360 1299 3422 lrac·

187 3447 286 3504 tanus
312 3445 505 3522 argumenta
525 3460 588 3526 pro
608 3441 749 3505 veritate
768 3437 939 3506 doctrinae
960 3437 1089 3508 Christi
1119 3443 1301 3525 effecerint,

188 3523 343 3590 nimirum
357 3525 510 3612 peccudum
526 3525 717 3607 credidisse,
744 3528 898 3611 quosdam
917 3529 1184 3597 concredidisse.
1228 3529 1298 3594 Neo

187 3607 269 3676 novo
299 3625 437 3698 sperare
465 3610 675 3698 possumus?
724 3607 792 3674 Sed
811 3611 994 3694 fingamus,
1028 3615 1298 3764 plerosqnetum

187 3697 331 3848 qpntiles
344 3702 414 3760 tum
425 3694 570 3762 ludaeos
584 3695 763 3783 aliquando
772 3694 907 3763 Christo
923 3695 1019 3764 tidem
1053 3699 1299 3767 abituroseose.

224 3803 277 3852 um
295 3781 417 3846 idcirco
431 3787 687 3846 consentaneum
709 3789 780 3862 est,
808 3787 867 3848 aut
885 3803 943 3848 ece
964 3803 1080 3850 omnes
1098 3794 1157 3851 aaut
1178 3785 1298 3848 saltem

178 3885 314 3937 earum·
327 3867 507 3955 plerosque
527 3873 595 3930 tam
615 3865 728 3948 firmi,
757 3874 825 3932 tam
845 3875 1038 3949 constante,
1064 3879 1131 3942 tam
1153 3872 1207 3958 piet
1234 3869 1298 3934 fide

186 3953 318 4020 futuros
341 3973 433 4033 essa,
466 3959 503 4016 ut
524 3951 568 4016 lis
586 3953 788 4040 sempiterna
813 3954 957 4018 lelicitus
978 3964 1067 4020 recto
1087 3958 1299 4043 impertiatur

185 4039 242 4120 (cl.
261 4049 293 4106 r.
308 4033 406 4120 32.)t
434 4033 641 4122 Permaguus
663 4059 748 4102 nunc
768 4039 934 4106 hominum
954 4040 1014 4126 qui
1028 4041 1165 4108 Christo
1188 4041 1299 4106 credi-

142 4193 147 4198 ,
185 4123 298 4188 derint
313 4131 552 4190 numernsest:
581 4123 640 4188 sed
657 4130 745 4188 recte
759 4133 816 4188 aut
829 4133 867 4190 ut
880 4146 960 4204 sana
977 4129 1063 4192 ratio
1084 4128 1211 4214 poscit,
1240 4129 1298 4191 fir-

131 4263 133 4270 .
175 4207 249 4290 me,
263 4216 301 4294 'et
312 4203 364 4299 pie
380 4217 439 4276 eut
451 4209 497 4274 ita
512 4207 715 4276 credentium
732 4218 767 4272 ut
782 4209 859 4274 fidei
874 4213 1099 4278 sinceritatem
1114 4215 1204 4278 vitae
1220 4235 1296 4278 sau-

41 4329 57 4344 „
129 4339 133 4342 -
159 4295 300 4374 natitote
321 4294 462 4383 pulsent
483 4294 565 4360 mira
587 4296 737 4382 paucitas
750 4304 822 4360 est.
864 4293 1179 4364 AddeJudaeorum
1204 4298 1298 4381 inge-

182 4382 291 4462 nium,
319 4382 376 4468 qui
395 4376 660 4484 Christianorum
680 4381 833 4466 dogmata
855 4381 897 4448 de
917 4381 1088 4476 trinitate,
1118 4383 1296 4450 dediticii
