2806 5054
242 381 309 448 no
452 375 740 450 urrsroun
765 375 841 446 an
864 351 1139 450 nonndos

140 598 143 610 ,
227 541 398 631 ..inminui
410 542 490 628 περὶ
500 531 731 628 tAuuncioclll
744 541 931 605 moreretur
945 540 1105 622 misisset,
1116 544 1157 606 'nt
1168 541 1255 626 legis
1269 561 1354 612 mos.

160 683 162 690 .
240 629 467 720 postulatam,
495 630 577 714 (quo
597 627 726 711 percuti
744 625 914 710 rusticatio
929 626 1149 711 linguntur),¹
1173 628 1261 694 inter
1292 651 1353 696 nos

240 721 350 780 ratum
366 713 472 791 lieret,
495 711 664 800 quietat!
686 709 763 776 Non
781 711 912 776 dubitat
925 712 1092 778 Daeiniuc
1106 735 1140 802 p.
1158 713 1246 794 144„
1270 715 1352 800 quin

239 799 321 866 lraec
337 818 419 862 nova
434 797 590 864 uidelicet
605 796 756 884 impediti
773 796 838 861 loci
860 797 1054 886 explanatio,
1071 816 1183 862 corum
1206 802 1352 882 gratiam

219 886 307 952 'sibi
322 883 539 948 concinatam
555 884 619 964 sit,
652 883 792 969 quitum
808 881 949 947 Paulum
971 885 1057 949 satis
1078 885 1248 967 noverint,
1278 894 1351 952 tum

237 970 324 1037 hanc
339 965 438 1034 Pauli
452 969 504 1035 dls
530 969 710 1034 utatiouem
726 966 972 1056 perspexerint!
978 969 988 1034 l

324 1053 371 1124 V.
385 1053 418 1124 5.
462 993 617 1122 Fulcitur
636 1053 838 1144 praecedens
860 1054 1044 1123 sententia:
1064 1053 1221 1120 eoDeum
1245 1056 1351 1121 εοκεῖ-

231 1141 283 1209 ito
307 1137 480 1206 Peccatum
502 1139 631 1207 Christi
659 1139 824 1230 supplicio
851 1139 888 1204 in
915 1159 1054 1228 corporo
1078 1140 1220 1206 humano
1244 1141 1352 1207 intor-

237 1226 378 1314 emisse,
399 1233 436 1292 ut
450 1225 656 1292 absolutoria
671 1236 705 1291 et
720 1225 831 1292 vitulis
851 1225 938 1309 legis
957 1247 1041 1294 mos.
1062 1227 1226 1292 sententia
1249 1227 1285 1292 in
1305 1228 1350 1294 iis

237 1311 430 1378 hominibus
448 1319 521 1378 rata
543 1313 658 1394 lieret,
688 1311 832 1398 quinon
852 1311 897 1378 nd
917 1313 1058 1397 eorporis
1083 1313 1265 1393 libidinem,
1293 1313 1352 1379 red

190 1427 195 1442 ι
227 1399 283 1482 „ud
296 1397 362 1471 div.
375 1397 513 1482 spiritua
525 1397 732 1484 disciplinam
745 1416 850 1462 mores
863 1395 1040 1481 diriyercot
1059 1397 1104 1480 ’(ν.
1126 1397 1190 1480 4.).
1234 1395 1352 1480 Ratio,

236 1483 344 1550 nuria
365 1481 464 1570 liujus
483 1483 611 1570 ueneris
631 1481 809 1548 domininon
829 1480 944 1547 vitalis
966 1480 1055 1564 legis
1077 1503 1160 1548 mos.
1182 1485 1350 1548 sententia

235 1576 389 1636 eventum
405 1567 528 1633 hahere
541 1565 710 1650 debuelit,
739 1565 819 1631 haec
835 1573 907 1646 est,
934 1566 1023 1654 qrrod
1043 1569 1100 1654 qtri
1121 1569 1273 1656 corporis
1297 1568 1351 1633 in-

235 1655 371 1740 genium
385 1655 535 1720 rclerant
549 1651 812 1740 Corporisr‘elous
830 1651 1004 1734 studeant,
1033 1653 1091 1740 qni
1116 1652 1183 1721 dlv.
1203 1655 1350 1742 spiritus

175 1791 177 1798 .
233 1738 381 1825 indolem
410 1737 584 1806 redoleant
610 1739 676 1806 dio.
697 1737 842 1821 Spiriiuc
870 1737 1026 1803 instituta
1058 1739 1191 1810 foveant
1212 1739 1260 1820 lv.
1282 1739 1347 1822 5.).

235 1823 336 1914 Quod
366 1824 520 1891 idoneum
540 1823 770 1909 argumentum
791 1843 867 1888 esse
888 1837 933 1888 en
952 1841 1023 1888 eoa
1050 1845 1168 1911 parere
1189 1821 1228 1893 P.
1252 1821 1349 1906 dicit,

234 1911 319 2000 quod
332 1903 412 2004 (γάρ
427 1933 459 1978 r.
475 1912 526 1996 6.)
546 1908 667 1994 impote
687 1905 729 1972 ad
751 1915 905 1990 montem,
932 1909 996 1974 dia.
1017 1845 1161 1995 §pinitus
1183 1911 1346 1976 adcitum

232 1992 352 2062 tendat
367 1997 418 2080 (u.
433 1996 495 2081 6.).
537 1991 626 2060 Hinc
645 2013 687 2058 ne
708 1994 860 2082 potuisse
878 1993 1011 2081 quidem
1034 1995 1132 2060 vitale
1150 1996 1237 2079 legis
1261 2016 1345 2064 nros.
1382 2011 1385 2022 ’

231 2083 402 2147 decretum
420 2101 451 2148 v.
467 2083 500 2146 4.
515 2081 582 2145 nisi
603 2079 637 2144 in
658 2079 850 2144 hominibus
869 2083 1177 2159 πνευματικοῖς
1198 2080 1240 2145 ad
1262 2081 1345 2146 clle-

231 2174 321 2234 etum
336 2164 456 2250 adduci
470 2185 564 2230 nemo
579 2185 644 2230 non
664 2163 840 2248 intelligit.
882 2161 981 2228 Κατὰ
1000 2161 1175 2252 odoratu.
1194 2164 1346 2248 πνεῦμα)

195 2276 205 2284 ·
228 2243 318 2320 εἶναι
333 2251 485 2340 Corporis
500 2251 584 2337 (div.
598 2250 753 2340 spiritus)
766 2247 903 2316 indolem
917 2249 1044 2335 referre
1058 2251 1082 2318 i.
1123 2299 1132 2318 .
1147 2241 1233 2316 elam
1255 2273 1346 2338 σαρ-

230 2335 325 2404 κικόν
353 2330 621 2420 (πνευματικόν)
651 2334 800 2400 declarat
820 2330 995 2420 (l,1ot.).
1047 2271 1174 2400 Didoni
1195 2336 1303 2421 igilur
1323 2359 1345 2402 a

230 2418 317 2488 κατὰ
332 2415 441 2507 σάρκα
455 2425 496 2510 (κ.
514 2425 584 2502 πν.)
599 2425 861 2509 περιπατεῖν
876 2419 918 2484 ad
933 2421 1084 2508 corporis
1096 2422 1269 2486 libidinem
1284 2421 1346 2509 (ad

185 2557 187 2562 ,
229 2498 299 2576 div.
314 2507 455 2596 spirituc
476 2507 610 2593 nutum)
630 2507 730 2572 vitam
752 2506 1007 2575 accommodare.
1053 2504 1102 2571 Τὸ
1124 2505 1345 2598 κατοῖοάρκα

230 2601 276 2678 (κ.
290 2600 362 2676 πν.)
384 2583 494 2658 εἶναι
515 2613 616 2658 cauco
630 2600 700 2673 τοῖς
721 2589 760 2658 τὸ
778 2587 862 2655 κατὰ
877 2597 971 2672 ο.·(κ.
987 2595 1061 2673 etr.)
1081 2597 1344 2679 περιπατεῖν

179 2697 189 2713 ²
228 2679 375 2768 effectur.
431 2669 540 2742 Menti
563 2677 651 2742 enim
674 2674 876 2766 respondero
899 2675 1008 2742 solent
1028 2695 1152 2746 mores.
1214 2673 1258 2742 Oi
1275 2674 1344 2765 γὰρ

148 2817 155 2822 -
229 2760 316 2830 κατὰ
331 2753 439 2848 σάρκα
452 2752 546 2839 ’ὄντες
561 2799 603 2812 -
618 2757 652 2829 oi
666 2758 948 2844 discordantias
964 2781 1026 2851 pro
1047 2759 1082 2828 οῖ
1099 2761 1163 2849 γὰρ·
1183 2783 1342 2850 σαρκι-

173 2874 176 2882 ·
228 2851 299 2915 καῖ
311 2885 355 2898 -
367 2843 400 2914 oi
416 2845 453 2916 di
468 2845 759 2929 πνευματικοί
774 2844 813 2914 P.
828 2849 886 2935 qui
899 2848 1224 2932 agnominationious
1241 2847 1340 2914 valde

108 3010 111 3016 ¹
154 2953 156 2958 ·
227 2935 433 3014 delectatur,
455 2932 595 3020 scripsit
607 2932 876 3022 praecedentium
894 2955 925 3001 v.
937 2937 1009 3008 τοῖς
1024 2930 1071 3018 μὴ
1092 2923 1199 2998 κατεῖ
1218 2953 1249 2998 ο.
1263 2953 1340 2998 τιε-

226 3017 513 3124 ριπατοῦρινς
536 3012 568 3083 oi.
582 3042 611 3084 κ.
624 3041 686 3121 πν..
701 3020 856 3118 invitatu.
899 3018 942 3082 τὰ
959 3021 1020 3104 τῆς
1033 3015 1164 3122 ῖῖαρκὸρ,1
1187 3017 1340 3168 φρονοῖ-

226 3105 969 3275 ttittttttftttttt‘itititittit
980 3105 1339 3276 tt'ttiti’tt‘ttt

226 3287 358 3354 eorum,
387 3289 471 3360 quos
496 3292 656 3360 sequare,
687 3273 1025 3340 indulcetoonsilils
1049 3275 1242 3338 aliosalios
1266 3275 1339 3342 sint
1391 3289 1392 3300 ¹

121 3405 125 3412 -
224 3379 363 3424 necesse
392 3365 456 3425 cst.
506 3355 697 3426 Illustravit
728 3359 810 3424 harro
839 3359 1014 3424 formulam
1030 3360 1152 3424 multis
1172 3357 1336 3448 exemplis

229 3439 424 3509 Weioieniuo
442 3441 485 3508 ad
499 3439 619 3512 ilattlr.
643 3442 776 3526 16,23.‚
805 3465 904 3532 quiam
926 3446 983 3531 qui
1008 3444 1040 3513 la.
1062 3445 1087 3512 l.
1109 3467 1173 3511 non
1199 3446 1338 3528 agnovit

69 3513 71 3521 '
196 3528 378 3596 boentius
399 3547 506 3616 neque
526 3524 587 3615 τήν
608 3529 722 3618 Σάρκα
743 3532 799 3595 hle
817 3551 989 3614 percoctum
1010 3532 1092 3616 fingi
1111 3531 1278 3619 reputavit
1299 3537 1337 3595 et

125 3645 128 3656 ·
223 3612 443 3680 substantivo
459 3611 506 3678 cd*
515 3615 672 3702 φρόνημα
687 3614 719 3685 τ’.
734 3617 767 3684 6.
783 3617 817 3686 7.
834 3616 901 3680 aliti
918 3617 951 3682 ri
972 3617 1081 3682 locato
1103 3615 1181 3682 dece
1207 3625 1261 3680 tus
1282 3616 1335 3680 lo-

201 3731 205 3746 ν
223 3701 417 3788 quatianem
429 3699 471 3763 τά
485 3721 576 3776 τινος
588 3707 723 3787 φρονεῖν
735 3723 808 3766 cum
822 3701 966 3768 farmuli
982 3706 1117 3787 φρονεῖν
1134 3722 1168 3766 τι
1182 3637 1335 3782 δολίῃ.

168 3789 192 3859 ,’
221 3783 386 3853 confudit.
443 3781 617 3850 Sententia
639 3788 815 3877 perspicua
844 3794 938 3855 est.·
965 3785 1250 3874 Quemadmodum
1281 3789 1335 3853 vir

121 3859 128 3882 ’
220 3871 403 3938 bellicosus
410 3869 569 3938 Bellonae
582 3881 697 3960 partes
710 3881 877 3955 ¹sectatur,
899 3873 949 3938 sio
964 3871 983 3939 ὁ
999 3872 1160 3960 οαρκικὸς
1170 3873 1334 3960 τῆςΣαρ-

151 4025 152 4028 ,
222 3960 297 4036 κός,
320 3954 339 4024 d
358 3951 583 4039 πνευματικὸς
595 3957 658 4024 τοῦ
673 3953 871 4037 Πνειῖματος
883 3959 1038 4048 partibas
1056 3959 1158 4027 favet.

305 4041 353 4110 V.
367 4043 401 4110 6.
445 4039 609 4106 iteratum
637 4045 700 4130 γάρ
726 4044 860 4108 minime
888 4043 1066 4110 secundum
1089 4041 1252 4131 quoddam
1275 4061 1334 4108 ar-

220 4135 424 4212 gumentum,
448 4147 514 4213 quo
528 4129 691 4193 sententia
705 4149 737 4194 v.
752 4130 787 4194 4.
801 4130 1005 4209 illustretur,
1028 4131 1140 4210 infert,
1162 4127 1335 4196 utliuecic.

177 4311 180 4316 ·
218 4211 856 4391 tlttf'lll:titiitttltl’tii
870 4211 1335 4368 ῖῖῖῖῖῖῖξῖῖῖῖῖῖῖῖῖῖῖ

219 4383 405 4471 diuersam,
434 4405 519 4473 quae
535 4406 567 4461 r.
580 4387 613 4460 ὃν
628 4387 784 4476 exposita
804 4394 870 4461 cot.
919 4386 1038 4478 inepte
1061 4386 1165 4476 igitur
1187 4387 1261 4474 Ap.
1281 4387 1333 4452 oio
