2806 5054
279 386 282 395 ·
402 357 526 434 ΟΜ).
549 357 649 430 V'll.
679 359 749 432 Vc.
765 361 871 433 ·25..’·
902 379 947 438 ”ζ
1124 361 1171 440 'ili

91 530 292 614 interpretum
306 541 459 603 errores,
480 513 569 608 qnoe'
580 520 730 606 singulos
744 523 854 610 inepte
874 521 1051 601 colon-neno,
1078 521 1170 600 nollo

92 613 209 700 negotio
228 608 415 675 convincam·
456 607 555 676 nllulti
576 611 697 689 igitur,
726 627 824 695 qnnnnm
847 604 1009 675 ancllulam
1029 627 1098 669 conc
1119 629 1171 670 ro-

94 696 331 770 ronotristitium
343 694 513 774 diuinitus,
535 704 572 758 ut
586 694 652 758 sibi
665 695 842 759 transitum
857 703 992 780 pararet
1012 688 1054 755 ed
1076 711 1126 756 vs.
1138 693 1171 756 tt.

93 780 330 873 explicationem
355 775 459 844 Panlo
481 779 711 852 declarandum
734 780 837 844 luisse
860 799 925 844 noo
952 781 1174 865 reputassent,

94 867 257 954 gratianum
288 866 449 930 actionem
478 886 514 933 v.
532 866 587 932 tc.
613 867 867 946 percontationem
890 881 964 944 epse
986 861 1173 944 noluerunt,
1228 857 1230 868 “

94 959 134 1022 ita
146 962 178 1018 nt
192 952 250 1014 alii
265 952 366 1016 aliter
378 969 449 1014 eam
463 972 501 1016 en
527 951 664 1014 onerent
675 953 722 1034 (v.
738 951 849 1029 Grot„
869 948 1021 1026 Boreum„
1042 947 1175 1029 Flora).

94 1039 273 1107 menemus
294 1034 426 1122 quidem
449 1044 484 1100 ct
535 1036 596 1104 cot.
617 1042 694 1123 poet
707 1034 944 1100 Limdorclnium
957 1031 1176 1119 Apostolum,

96 1145 179 1214 quom
195 1128 319 1207 quanta
335 1121 499 1186 hominum
518 1120 581 1185 snnln
600 1121 675 1203 lego
697 1141 780 1186 mos,
802 1119 1055 1184 constitutorum
1078 1116 1176 1180 mise·

95 1213 139 1276 nie
152 1215 236 1274 essct
249 1205 493 1272 considerasset
506 1204 614 1275 naimo
630 1205 841 1272 uehementius
861 1212 1048 1270 commotum
1069 1203 1175 1285 inepto

97 1297 151 1360 loco
173 1293 357 1376 gratianum
384 1291 564 1370 eotiouenn,
598 1293 720 1380 quippe
749 1311 834 1376 qnae
862 1285 1177 1374 argumentationem

94 1377 312 1467 perturbaret,
337 1376 445 1442 obiter
466 1375 647 1442 attexuisse
671 1375 799 1464 opinati
820 1381 910 1442 sunt.
959 1372 1109 1440 Reiclnincn
1127 1378 1178 1450 to7

95 1476 154 1528 tum
179 1485 227 1530 vs.
248 1463 306 1530 25.
332 1460 552 1528 adulterinum
581 1483 656 1528 esse
682 1461 844 1550 putavitv
882 1457 969 1526 Num
997 1458 1180 1543 gratiarum

94 1549 262 1628 actionem,
289 1547 354 1634 quoi
375 1545 418 1611 ed
436 1547 717 1634 percontationem
738 1566 770 1615 r.
788 1545 845 1616 2⁴.
862 1542 1139 1632 responderetur,
1159 1565 1181 1608 a

95 1635 220 1700 librario
242 1633 279 1697 inn
298 1632 444 1718 margine
464 1634 606 1721 positam
627 1631 784 1718 deinceps
806 1632 839 1695 iu
862 1629 961 1698 Pauli
980 1629 1182 1718 disputatio·

94 1739 159 1786 ncnn
179 1719 371 1806 irrepsisse.
422 1715 657 1805 Praeterquam
677 1719 764 1783 enim
787 1715 875 1804 quod
893 1716 1075 1798 gratiarum
1094 1716 1189 1782 actio

96 1811 125 1870 et
140 1804 213 1890 qnia
232 1804 551 1888 argumentationem
574 1805 659 1868 nnsle
684 1802 905 1889 interrumpat
925 1805 981 1887 (v.
1001 1802 1126 1888 supra)
1148 1803 1184 1866 ot

97 1889 237 1975 quoniam
254 1911 345 1968 nem,
365 1909 427 1976 pro
442 1889 506 1974 quai
521 1887 648 1969 gratiae
660 1895 820 1970 agantur,
838 1897 966 1956 tenuere
977 1886 1116 1952 reticeat
1135 1889 1183 1968 (v.

95 1975 187 2058 miro)
197 1975 316 2063 inepta
328 1976 393 2054 sit,
409 1975 624 2040 adulterinae
642 1973 785 2057 originis
803 1971 996 2038 testimonis
1015 1970 1185 2037 continens

95 2060 250 2126 variantes
264 2061 439 2126 lentiores.
481 2057 580 2144 Quae
590 2058 722 2124 nonnisi
736 2079 776 2123 eo
786 2058 921 2141 avolent,
942 2064 980 2124 ut
990 2056 1104 2145 quidun
1114 2076 1184 2132 cere

96 2144 137 2212 tn
150 2142 190 2215 Ρ.
204 2145 392 2231 gratianum
404 2145 566 2212 actionem
577 2141 895 2230 conceperitcnitino
908 2141 1062 2210 dubitare
1076 2139 1188 2222 liceat,
1237 2199 1242 2206 .

97 2251 341 2318 quemquamne
362 2228 422 2294 lnoc
446 2229 577 2317 quidem
599 2229 682 2294 milri
701 2227 836 2294 dubium
858 2227 1000 2298 videtur.
1049 2225 1188 2295 Gratias

98 2315 215 2401 quidem
231 2316 341 2382 Deoe
360 2312 400 2383 Ρ.
415 2317 451 2385 ln.
470 2317 497 2384 l.
519 2321 610 2380 actas
631 2335 705 2382 esse
724 2314 878 2390 lectionis
900 2315 1091 2383 varietatem
1113 2311 1187 2378 sine

98 2401 272 2489 cupiditate
294 2401 438 2467 intuenti
458 2407 584 2466 certum
612 2407 676 2468 est.
723 2398 898 2466 Postrema
925 2406 1035 2465 antem
1061 2420 1112 2468 vs.
1132 2395 1188 2464 25.

99 2506 176 2556 roco.
190 2477 259 2572 ἄρα
276 2478 334 2551 οὖν
348 2481 477 2563 αὐτὸς
496 2483 572 2570 ἐγώ
586 2521 629 2534 -
639 2479 746 2568 ν.“’Λμ.
761 2486 796 2550 io
809 2505 875 2550 uno
888 2483 951 2554 llll.
964 2485 998 2554 3.
1009 2481 1119 2574 (cnjus
1133 2483 1190 2564 vel

99 2580 268 2662 propterea
290 2570 383 2636 nulla
402 2574 585 2638 auctoritas
606 2581 678 2650 est,
708 2569 796 2672 quod
816 2569 939 2656 Chrys.
960 2571 1047 2636 hom.
1070 2571 1124 2639 13.
1145 2567 1190 2648 ed

98 2659 164 2738 ⁸2¹·
190 2658 251 2747 illa
280 2679 314 2726 v.
334 2655 448 2740 habet)
469 2658 591 2724 omissa
614 2655 764 2723 Reicitur
784 2655 841 2742 pio
861 2655 978 2720 lectori
1000 2655 1190 2736 vindicavit,

100 2742 150 2828 qui
163 2743 266 2810 Paulo
281 2761 345 2808 non
358 2743 439 2817 notin
459 2741 618 2810 intellecto
636 2741 836 2808 sententiam
857 2761 889 2809 v.
904 2739 960 2810 23.
977 2741 1039 2806 nili
1064 2761 1191 2806 accom-

100 2827 273 2894 modasset.
313 2823 413 2892 Nunc
435 2827 598 2894 insulsum
619 2825 809 2893 Olnluuncni
828 2831 1046 2892 commentum
1067 2827 1192 2914 accipe.

100 2912 167 2996 Quo
190 2921 330 2979 auctore
354 2909 393 2977 P.
414 2911 457 2976 ad
477 2912 757 3014 percontationem
778 2932 809 2976 r.
828 2910 884 2977 24.
906 2909 993 2976 nihil
1007 2913 1194 3018 respondit,

100 2999 249 3064 videlicet
268 3005 307 3061 ut
323 2996 393 3086 jam
412 2999 487 3064 liern
508 2994 546 3062 ed
569 2991 758 3084 ἀπόρῥητον
776 2995 838 3078 τῆς
857 2996 1109 3078 παλιγγενεσιας
1125 3019 1211 3079 μυ-Ι

100 3080 246 3168 στήριον,
270 3103 371 3168 quum
408 3083 655 3148 etelectocoelo
669 3079 768 3149 dios
793 3081 893 3147 initus
909 3101 1057 3146 murmur
1077 3082 1194 3153 audine

101 3169 156 3234 tibi
170 3167 337 3246 ridearis,
358 3103 605 3248 adsignificaret
625 3165 695 3251 (ll).
776 3187 830 3230 unu
850 3165 979 3249 gratias
992 3167 1196 3254 Apostolum

101 3275 209 3337 egere,
232 3253 312 3340 quio
324 3253 368 3318 ab
380 3275 417 3319 se
431 3251 516 3319 illud
530 3273 678 3318 murmur
693 3259 883 3340 perceptum
898 3250 1017 3317 silent
1036 3254 1109 3340 ipsc
1125 3253 1196 3342 jam

102 3347 232 3406 renatus
251 3338 298 3402 sit
314 3338 383 3423 (ll).
413 3338 490 3426 Quo
502 3337 737 3405 leotoPanlum
754 3359 795 3402 ex
809 3337 1129 3419 gratiarumactiona
1143 3359 1198 3402 an-

104 3429 343 3509 gumentantem
357 3425 435 3490 lnaec
450 3421 613 3526 adjicere:
633 3424 747 3510 itaquo
762 3443 842 3506 ergo
854 3443 910 3508 epo
921 3422 1033 3508 (homo
1047 3426 1201 3506 renatus)

104 3531 192 3594 punem
205 3530 291 3574 necue
303 3508 449 3594 idemque
467 3531 548 3590 anm,
567 3517 683 3574 mente
702 3509 769 3574 Dci
791 3508 857 3591 legi
877 3529 977 3596 pereo
998 3509 1091 3595 (scil.
1112 3509 1201 3598 quod

105 3604 195 3660 antea
211 3614 280 3658 non
292 3594 494 3681 poteram),
513 3615 653 3744 turgore
670 3595 738 3678 legi
755 3591 913 3659 Peccatos
929 3593 982 3679 (ll.
1025 3591 1201 3666 Postremo
1238 3661 1241 3670 .

106 3702 142 3746 ex
160 3681 213 3745 lnis
229 3679 437 3766 Apostolum
454 3681 515 3746 hoc
535 3681 569 3746 el
593 3699 682 3746 cere:
710 3679 802 3745 nulla
824 3677 1024 3763 ipitnnrxnunc
1041 3685 1114 3768 (up.
1135 3701 1200 3768 quc

106 3777 249 3850 tempore
266 3785 322 3849 epo
334 3772 470 3832 renatus
484 3766 592 3832 liberi
605 3774 710 3830 mente
727 3761 795 3830 Dei
808 3763 999 3848 legiobtem

105 3850 222 3918 Glnristi
235 3849 407 3934 discipulis
420 3850 587 3918 danmatio
605 3850 647 3914 ad
664 3855 800 3915 mortem
815 3787 1028 3934 impensioni!
1037 3852 1063 3922 li
1105 3849 1205 3933 εῧχα,

106 3929 1207 4108 ἳὺἶῖιῗᾷῗῗὲῗῷέῧόπῗἨ·3Ἒὲὲῗέῗὶὲἱάῖ.ἒὶιῖῗωῗῷέ.ἓὲο·ῗ

107 4106 257 4174 Lucium..
318 4116 324 4186 Ι
342 4106 399 4174 49.
412 4102 594 4192 εὐχαριστῶ
609 4105 652 4171 δὲ
664 4129 684 4169 τ
696 4104 712 4119 ”
724 4103 796 4192 θεῷ
840 4103 879 4176 G.
892 4107 946 4172 to.
963 4108 1015 4174 17.
1028 4045 1207 4182 3107&de

108 4191 208 4258 llario.
227 4193 261 4257 1.
278 4189 374 4276 Copt.
388 4193 495 4260 Aetio.
509 4193 609 4260 Arno.
622 4129 788 4288 Medion..
823 4211 875 4275 yn.
892 4189 1052 4262 Donasse.
1073 4193 1208 4272 Peolip.

109 4276 252 4345 Hieron.
269 4277 373 4341 semel
383 4274 480 4362 χάρις
493 4278 537 4344 de'
553 4279 601 4362 opi
618 4277 692 4362 θεῷ
710 4281 716 4360 l
735 4275 781 4346 D.
795 4275 837 4344 Ε.
857 4277 910 4345 38.
929 4299 986 4366 ep.
1006 4279 1094 4352 Mill.
1108 4281 1208 4358 »Ciam

112 4363 245 4446 Germ„
277 4360 400 4450 Vulg„
426 4363 567 4445 Ambe„
594 4361 735 4435 fflcnon.
756 4362 857 4432 semol
870 4360 968 4449 cut..
988 4366 1082 4454 Pel..
1105 4362 1211 4455 Aegi

1024 3767 1205 3855 coenes.)
1306 3821 1313 3834 ,
