2876 5056
208 368 275 476 soo
422 361 708 436 srrsronn
731 363 806 433 nu
828 336 1100 434 hounuos
1186 337 1190 368 ¹

212 523 314 592 mulos
334 483 452 594 insitus
469 547 504 591 es
526 524 693 612 (Ernsma,
722 519 877 606 berthen,
905 525 1019 612 Gran,
1047 525 1176 630 Benpr,
1201 519 1318 609 Wolf,

121 625 124 633 ’
212 613 347 692 Ηουνν.,
381 611 515 691 Morus,
533 609 665 680 unser.
687 611 762 696 ολ).
816 609 904 675 Nam
926 608 1112 676 Pronomen
1136 613 1251 686 αυτοῖς
1274 611 1319 674 ad

114 759 119 774 ,
212 693 292 774 τούς
305 694 466 776 κλοίδοος,’
487 716 551 762 non
573 695 614 762 sd
635 697 752 771 τινας
771 691 984 760 retruserat
1000 695 1166 784 pertineat
1180 715 1318 760 necesse
1420 703 1421 712 ’

78 838 80 846 .
213 789 278 848 est.
320 782 429 852 Docet
449 801 520 848 voc.
540 776 769 866 ουηκοιναινός
788 779 901 865 (simiel
917 781 950 850 h.
966 802 998 849 e.
1012 785 1079 847 nno
1093 802 1166 846 cnm
1179 780 1322 846 ramulis

44 866 55 892 “
84 877 89 882 “
211 867 247 931 in
266 866 381 932 ardore
401 865 490 956 notis
510 887 549 930 ne
572 889 609 932 ne
629 887 674 931 ec
693 870 733 929 ert
756 864 878 929 occisis
897 867 1082 956 particeps)
1104 872 1139 933 ct
1160 887 1190 932 v.
1208 865 1262 931 18.
1287 859 1322 929 oi

214 951 347 1031 κλοίίοι,
365 973 448 1040 quos
463 951 492 1015 si
505 887 670 1038 ίοίνοολοο
685 971 795 1014 ramos
810 951 1045 1037 interpreteris
1058 950 1226 1016 sententia
1242 972 1320 1038 per·

214 1036 307 1101 ditur
327 1039 374 1122 (v.
390 1036 505 1119 infra).
562 1034 639 1100 Non
661 1036 807 1120 ingressi
827 1045 940 1100 essent
960 1037 1046 1100 hanc
1066 1035 1320 1123 interpretatis-

214 1143 287 1186 nem
312 1130 362 1187 tot
383 1122 600 1209 interpretes,
633 1121 663 1185 si
683 1120 906 1204 rogitassent,
940 1121 1090 1187 ethnicos
1116 1142 1182 1187 non
1211 1120 1320 1184 solum
1420 1125 1421 1132 ’

211 1207 335 1357 impios
354 1204 499 1273 Iudaeos
519 1205 661 1290 (excisos
679 1208 823 1289 ramos),
851 1205 1028 1271 sedetiam
1049 1207 1122 1294 pios
1141 1206 1320 1291 (ramossin
1420 1211 1421 1230 ³

214 1315 255 1358 αν
276 1313 330 1357 oro
349 1290 505 1376 rellictos)
525 1292 760 1371 contemsisse,
792 1311 892 1376 qrrum
913 1291 975 1355 hos
993 1292 1117 1357 virtute
1138 1291 1201 1356 susi
1222 1289 1322 1376 (fide)

160 1383 166 1394 “
214 1375 361 1464 divinum
375 1377 519 1441 latorem
536 1376 602 1440 sihi
616 1378 797 1463 peperisse,
819 1396 883 1440 non
896 1377 1033 1460 generis
1045 1373 1134 1462 quod
1149 1376 1192 1441 ah
1203 1377 1321 1446 Ahrs-
1420 1409 1421 1462 }

213 1461 311 1528 hamo
330 1461 490 1526 ducerent
509 1463 685 1550 splendore
706 1460 892 1526 obtinuisse
912 1458 1149 1527 contenderent
1161 1469 1195 1526 et
1210 1458 1320 1526 Paulo
1420 1477 1421 1530 ἱ

213 1568 255 1612 ne
270 1545 454 1613 Christiani
465 1545 592 1636 judaici
608 1548 649 1610 ah
664 1545 805 1611 ethnicis
822 1545 880 1631 qui
894 1544 1022 1613 Christi
1038 1567 1131 1612 sscrs
1149 1547 1321 1648 suscepis3
1360 1631 1363 1636 Δ
1420 1551 1421 1566 ¹

87 1631 91 1635 ’
213 1639 290 1697 sent
302 1631 516 1697 laederentur
529 1633 584 1696 htc
598 1629 834 1722 providendum
849 1630 967 1698 luisse.
1001 1629 1139 1720 Peperit
1152 1630 1255 1720 hujus
1269 1653 1320 1696 rer

119 1743 141 1762 ·’
213 1717 378 1800 neglectio
399 1719 855 1807 interpretationemquam
869 1717 1028 1782 Erasmus
1039 1726 1128 1782 recte
1141 1717 1319 1782 ridiculam
1404 1763 1421 1814 p

213 1801 324 1884 dixit,
347 1823 446 1890 quum
462 1811 494 1869 st
508 1804 666 1890 loquendi
680 1823 775 1870 usum
791 1801 892 1868 violet
908 1810 942 1868 st
955 1803 1149 1868 sententiam
1165 1823 1319 1890 pessum·

215 1885 289 1954 det:
309 1887 473 1953 incitares
492 1909 626 1957 eorum
646 1887 1080 1974 (ramorum'defractorum)
1101 1887 1183 1954 loco
1206 1887 1237 1972 (l
1251 1883 1318 1952 ἄνι’
1420 1901 1421 1910 ’

216 1969 325 2037 adonin
348 1972 538 2056 Ίλοοοληλ.,
572 1975 678 2058 Κορρ.
700 1974 780 2059 ολ),
815 1976 850 2040 in
866 1985 986 2042 ‘corcsm
1013 1974 1140 2038 locum
1168 1971 1326 2058 (lBezo,

142 2103 150 2120 .
216 2057 349 2139 lteich„
382 2054 493 2144 dm),
527 2059 562 2123 in
582 2079 691 2125 serram
713 2061 797 2126 loco
818 2061 952 2146 (Syrus,
976 2057 1161 2160 fMoeyerns,
1198 2057 1317 2138 Οἰνία).
1420 2145 1421 2158 ἢ

81 2217 89 2230 ,
208 2135 472 2228 Ἐγκεντρίζομαι
499 2139 533 2206 dr
551 2146 629 2218 ’τοῖς
653 2139 790 2220 κλάδοις
809 2147 870 2229 τῆς
890 2142 1007 2222 ἐλαίας
1023 2161 1148 2210 snssror
1166 2141 1229 2224 ibi,
1264 2139 1317 2207 nrt

213 2229 303 2292 clerte
315 2226 437 2292 romuli
451 2233 548 2318 anteo
562 2227 696 2314 ficerunt
709 2228 867 2294 denotare
883 2233 1008 2316 nequit.
1031 2270 1034 2276 s
1047 2227 1221 2296 Sententia
1235 2227 1317 2292 haec

212 2319 281 2378 est:
309 2309 425 2375 insitio
439 2311 501 2376 tihi
517 2310 609 2376 dedit
624 2311 710 2400 quod
725 2315 796 2379 illis
810 2321 927 2379 notura
949 2313 1141 2402 (Erasmus)
1161 2315 1195 2382 h.
1210 2336 1242 2380 e.
1257 2329 1316 2378 ex'·

132 2447 138 2454 .
211 2393 511 2461 tnsordinnriollei
526 2397 680 2461 instituto
695 2399 837 2482 gentilos
852 2399 953 2466 decus
966 2399 1098 2482 dehent,
1120 2399 1208 2487 quod
1219 2399 1316 2464 Deus
1420 2415 1421 2418 ’

134 2523 140 2534 ·
181 2477 413 2549 ‹lnoasnnnn
428 2481 541 2564 generi
554 2481 721 2550 attribuit.
763 2485 822 2568 τῆς
836 2477 998 2572 πιότητος
1010 2487 1071 2574 τῆς
1086 2480 1219 2570 ἐλαίας]
1242 2485 1317 2551 Ηο-
1370 2544 1372 2553 .

211 2571 278 2632 rat.
293 2563 400 2650 Epod.
413 2565 445 2648 2,
458 2565 511 2632 55.
532 2567 617 2630 lecta
637 2567 677 2631 do
693 2568 1016 2654 pinquissimisolivo
1030 2570 1133 2634 rsmis
1148 2573 1315 2636 arhorum.

140 2718 144 2727 ,
212 2649 292 2719 Jnd.
307 2651 340 2730 9,
352 2653 398 2718 s..
443 2649 665 2735 ’συγκοινωνὸς
684 2657 744 2737 τῆς
763 2649 855 2738 ῥίζης
870 2677 898 2717 κ.
914 2676 939 2718 ι.
955 2675 992 2720 π.
1006 2676 1036 2720 τ.
1051 2652 1079 2720 ί.
1093 2651 1218 2738 ἐγένου]
1240 2657 1265 2722 i.
1281 2677 1318 2724 e.-

108 2758 111 2774 ·
191 2737 309 2822 vsinsul
329 2738 417 2821 (curn
431 2736 531 2800 ramis
547 2737 579 2800 in
597 2737 715 2801 arbore
730 2738 953 2820 consecratis)
969 2739 1135 2823 particeps
1149 2737 1316 2826 fortusse

210 2819 333 2888 radicis
353 2823 454 2906 (quiae
475 2827 509 2885 te
530 2822 713 2901 sustineat,
737 2821 780 2889 cl.
800 2823 916 2907 ν.18.)
937 2829 970 2888 st
989 2823 1190 2908 ptnqnectnis
1210 2825 1315 2892 olivus

209 2905 310 2992 (quac
338 2924 433 2971 suum
462 2905 526 2970 tihi
552 2927 683 2971 succum
704 2905 896 2991 largiatur).
947 2906 1070 2973 Dsmth
1091 2909 1316 2975 similitudine

208 2991 271 3054 hoo
286 2988 425 3065 dicitur:
452 2991 678 3078 patriarchae,
704 3012 787 3078 quos
802 2991 895 3058 Deus
911 2992 1025 3058 heatae
1037 2993 1187 3060 familiae
1198 2995 1315 3061 condi·

208 3081 305 3142 tores
323 3092 398 3140 esse
415 3076 538 3157 voluit,
563 3085 641 3142 tuae
661 3076 802 3142 hominis
825 3077 981 3162 gentilis,
1010 3077 1070 3166 qui
1084 3079 1117 3143 io
1131 3100 1246 3144 eorum
1261 3081 1314 3144 fc-

209 3160 334 3226 milism
350 3160 471 3225 insitus
484 3162 551 3240 sis,
570 3161 739 3226 beatitatis
754 3168 905 3232 auctores
923 3167 1002 3228 sunt
1018 3181 1196 3252 eorumque
1213 3166 1316 3232 lami-

208 3244 256 3310 lis
279 3245 454 3310 felicitatis
481 3247 546 3311 sihi
571 3245 732 3311 divinitus
750 3244 991 3314 destinates-te
1012 3256 1195 3324 consortem
1216 3251 1312 3321 fecit.

211 3329 304 3395 Grot.
321 3351 412 3412 οογκ.
429 3330 500 3413 τῆς
521 3329 589 3417 ῥίζ
623 3353 640 3406 ς
662 3332 731 3396 καί
752 3330 822 3414 τῆς
844 3331 1048 3416 πιότητος
1068 3335 1141 3417 τῆς
1159 3333 1312 3410 ἐλαίας

207 3411 322 3498 λγένου
349 3435 408 3500 per
434 3355 616 3496 figursmi

207 3517 298 3598 συγκ.
319 3499 392 3582 τῆς
413 3497 618 3584 πιότητος
638 3495 708 3583 τῆς
731 3495 850 3584 ῥίζης
870 3501 943 3587 τῆς
965 3497 1176 3588 &laicata
1190 3513 1311 3592 potrus

205 3603 266 3666 της
281 3577 398 3660 πίονος
411 3579 504 3668 ῥίζης
516 3579 575 3668 τῆς
591 3579 723 3666 ἐλαίας)
738 3579 860 3666 ἐγένου.
910 3585 997 3649 Nam
1012 3607 1032 3648 a
1046 3586 1157 3662 radice
1172 3609 1307 3656 soccum
1334 3615 1342 3648 n

167 3743 169 3748 X
206 3667 380 3750 adlramos
399 3663 551 3734 diffundi.
594 3667 668 3730 Hoc
688 3679 914 3753 argumentum
935 3671 989 3736 inc
1013 3679 1166 3740 tumest.
1214 3674 1307 3742 Nam

204 3752 311 3816 olivae
326 3751 470 3817 radicem
482 3773 592 3818 ramos
603 3750 738 3834 firmare
751 3753 809 3836 (cl.
822 3775 854 3821 v.
869 3755 949 3836 18.),
969 3693 1089 3838 chiram
1106 3757 1211 3844 ipsam
1228 3763 1307 3849 pin-

203 3836 376 3922 guedinem
392 3838 435 3902 iis
451 3837 664 3926 suppeditare
679 3840 750 3924 Ap.
766 3838 837 3906 hel.
853 3837 1047 3908 declararit.-
1090 3841 1138 3924 ,Et
1155 3851 1227 3908 tum
1247 3846 1312 3910 de·-

203 3943 291 3994 mum
305 3922 410 3990 Grotii
425 3924 537 4010 opinio
559 3923 641 3988 terri
662 3930 793 4022 posset,
815 3925 845 3988 si
858 3925 1081 3991 tantummodo
1096 3928 1192 4010 oleae
1206 3931 1312 3996 radix·

202 4092 318 4175 radin,
340 4093 382 4158 cl.
400 4100 468 4158 not.
486 4093 527 4158 ad
541 4091 661 4158 Matth.
728 4092 839 4175 854.),
867 4115 931 4158 non
953 4095 1032 4160 item
1051 4097 1184 4162 srhoris
1205 4109 1305 4166 trun-

200 4197 259 4241 cus
273 4185 307 4241 et
320 4177 417 4245 esni.
463 4177 506 4246 V.
519 4179 605 4246 ttebet
623 4177 666 4244 bic
681 4114 847 4259 histrienttc
867 4179 1064 4262 sstotod't
1085 4205 1120 4270 p.
1134 4185 1204 4252 61..
1251 4186 1310 4274 μὴ

200 4263 395 4343 κατακαυχῶ
411 4263 476 4327 τῶν
498 4261 641 4348 κλάδων]
663 4262 729 4334 noli
750 4263 909 4328 decumis
931 4266 986 4348 (in
1008 4267 1152 4333 arbore
1174 4270 1309 4346 retlis

80 4381 85 4388 ·
198 4345 294 4454 ctis)
322 4347 538 4436 triumphare,
575 4345 609 4416 id
638 4345 725 4436 quod
754 4352 878 4415 temere
900 4369 986 4419 nuno
1008 4351 1091 4422 lacis
1115 4344 1219 4438 (Win.
1244 4377 1308 4442 grta

612 3411 635 3478 'r
662 3413 719 3478 dod
742 3416 832 3478 donia
853 3416 975 3480 dictum
997 3438 1072 3482 esse
1094 3420 1224 3504 putavit
1244 3439 1310 3522 pro
1420 3451 1421 3454 ¹

88 4035 94 4061 n
203 4009 339 4094 pinguis
358 4016 447 4072 esset
466 4005 577 4093 (radix
598 4007 621 4074 ι’.
637 4029 665 4075 e.
684 4009 841 4090 pinpnedo
859 4009 952 4074 oleae
973 4011 998 4079 i.
1012 4011 1306 4098 q.=pinguisoleas
1370 4002 1377 4012 ’
1420 4033 1421 4038 ’
