2820 5044
337 347 366 376 ν·
465 349 945 438 onaxnvnnn„
1157 333 1227 447 isa
1347 293 1350 300 .

122 530 205 579 namt
215 516 341 602 pestem
354 507 601 598 praecipitaret,
614 507 724 575 verbis
734 505 779 594 μὴ
792 505 931 595 γένοιτο.
965 505 1055 575 'l'trm
1072 491 1229 598 quidnam

124 595 222 665 Deus
237 618 336 708 puum
350 615 408 660 eos
421 616 556 682 peccare
569 595 704 686 juberet
725 600 885 680 sequutus
904 594 950 660 sit
969 595 1114 684 explicat
1132 617 1228 661 roca-

49 698 52 712 ·
123 685 215 750 bulis
230 681 319 748 αλλὰ
334 682 383 768 τῷ
401 681 509 744 αὐτῶν
529 679 779 764 παραπτώματι
797 671 817 761 ἡ
835 679 985 767 σωτηρία
1005 683 1076 758 τοῖς
1095 679 1230 747 ἔθνεσιν

124 770 214 858 (scil.
234 766 375 852 ἐγένετο)
390 763 440 841 είς
452 763 491 832 τὸ
509 761 751 850 παραζηλῶσαι
766 757 898 840 αὐτούς.
942 761 991 831 Td
1009 766 1228 914 παράπτωμα

125 877 191 922 non
212 852 378 918 notionem
400 851 501 916 verbo
521 847 658 916 πίπτειν
679 849 947 936 comprehensam
969 848 1052 934 (liei
1091 855 1139 937 .),
1169 851 1229 916 sed

125 939 359 1026 cogitationem
383 937 483 1002 verbo
505 932 639 1000 πταίειν
660 935 818 999 inclusam
840 933 997 1004 continet.
1055 935 1230 1005 Peccatum

125 1029 212 1091 enim
227 1027 381 1108 notat(v.
402 1017 515 1102 Ι,323.
537 1023 605 1108 eq.)
626 1025 661 1085 et
679 1018 803 1106 dicitur
820 1017 859 1085 τὸ
882 1015 1100 1126 παραίπταρια
1120 1019 1235 1088 αὐτῶν

126 1111 354 1178 israelitorum
383 1106 417 1170 ίιι
444 1106 568 1172 delectu
588 1106 839 1190 proeteritorum
856 1110 1024 1181 peccatam
1044 1129 1063 1190 η
1086 1102 1229 1172 ἀπιστία

127 1190 235 1262 αὐτῶν
246 1216 277 1263 v.
291 1189 346 1259 2⁰.
362 1192 412 1255 vel
429 1184 448 1276 ἡ
468 1185 633 1256 ἀπείθεια
655 1183 764 1255 αὐτῶν
783 1187 890 1268 τ.ῑ31.
908 1187 975 1258 32..
1023 1187 1101 1256 Non
1124 1193 1229 1277 igitur

126 1283 199 1373 Ap.
213 1277 252 1345 τὸ
274 1271 498 1364 παράπτωμα
512 1275 705 1356 collocavit,
735 1281 772 1340 ut
791 1273 883 1340 verbi
903 1271 1042 1340 πίπτειν
1057 1280 1230 1373 metapho-

125 1387 197 1432 ram
211 1366 420 1428 continuaret
432 1357 603 1446 (Rusca).
646 1358 735 1446 Quin
751 1360 982 1452 paronomasia
997 1355 1065 1437 (irc
1084 1362 1231 1430 πέσω-

126 1473 186 1533 σι;
199 1489 242 1502 -
262 1449 310 1535 τῷ
325 1439 434 1512 αὐτῶν
447 1440 779 1530 παραπτώματι)
792 1443 834 1509 ad
848 1445 947 1512 verba
968 1447 1133 1535 pertinet,
1155 1438 1231 1512 sen'-

121 1537 265 1604 tentiam
286 1553 350 1597 non
371 1529 519 1614 attingit.
558 1527 759 1599 ludaeorum
776 1530 946 1599 Christum
967 1529 1230 1600 abominatocnrln

116 1619 330 1688 ‘contumacia
346 1637 383 1699 eo
400 1618 567 1698 valuerat,
590 1623 627 1680 ut
640 1616 801 1704 Apostoli
815 1616 849 1682 in
894 1634 1074 1700 aganorum
1095 1618 1231 1684 institu'-

123 1708 248 1775 tionem
265 1711 396 1792 operam
414 1701 602 1776 coniectent
614 1703 694 1766 Act.
710 1701 761 1782 13,
768 1702 822 1770 46.
837 1702 857 1766 2
883 1701 953 1782 ,28.
968 1700 1068 1789 idque
1082 1705 1244 1772 futurum

125 1815 201 1858 esse
214 1791 314 1861 Jeeus
328 1785 677 1874 portenderatMatth.
690 1784 807 1869 21,43.
827 1774 1056 1868 22,1’.-14..
1100 1789 1174 1861 Hoc
1191 1789 1231 1859 P.
1314 1865 1319 1872 θ
1408 1803 1409 1810 “

127 1879 237 1945 emnia
262 1872 464 1939 moderantis
482 1871 552 1938 Dei
573 1873 715 1938 consilio
735 1873 905 1953 attribuit,
942 1874 1000 1960 qui
1023 1897 1062 1942 eo
1084 1876 1168 1942 inito
1197 1887 1232 1942 et
1325 1912 1328 1928 .

152 1963 287 2029 rodense
301 1957 483 2043 gentilibus
500 1951 601 2038 (ἀλλὰ
619 1959 667 2044 τῷ
687 1981 737 2022 πα
760 1980 839 2024 απτ.
860 1955 969 2024 αὐτῶν
989 1954 1009 2048 ἦ
1030 1961 1181 2049 σωτηρία
1198 1974 1230 2027 τ’.

126 2050 277 2130 ἔθνεσιν)
298 2055 333 2111 et
351 2043 449 2130 plane
469 2063 534 2107 non
557 2063 674 2108 nocere
694 1981 834 2112 Iudaeis
855 2044 889 2109 iu
912 2043 1052 2112 delectu
1071 2049 1271 2132 neglectis„

127 2131 194 2217 (τίς
210 2130 249 2198 τὸ
267 2125 383 2212 παραζ
405 2126 513 2191 λῶσσι
535 2125 672 2212 αὐτούς)
695 2130 852 2198 veltrerit.
896 2124 948 2208 είς,
964 2129 1003 2197 τὸ
1025 2131 1232 2220 παραζηλῶὲ

125 2239 186 2285 σαι
202 2207 336 2296 αὐτούς]
363 2153 531 2294 liciole,
558 2208 669 2298 Vulp„
698 2213 863 2280 Laudatus
882 2216 946 2284 al'.:
976 2227 1013 2282 ut
1035 2217 1230 2303 (israelitae

126 2323 190 2371 non
213 2301 349 2381 delecti)
371 2297 448 2363 illoc·
462 2300 641 2386 (paganos)
664 2299 878 2374 comedentur.
920 2301 1022 2368 Ratio
1045 2305 1132 2370 enim
1154 2329 1172 2372 a
1190 2303 1231 2374 P.

23 2459 26 2464 ,
126 2389 267 2454 hahetur
289 2375 354 2451 loci
374 2382 511 2451 mosaici
533 2383 635 2450 Dent.
648 2381 771 2463 ·32‚21.
791 2405 892 2476 supra
916 2387 1029 2469 10‚19.
1049 2383 1144 2456 allati
1171 2391 1230 2480 (ei.

126 2475 227 2541 etiam
248 2472 392 2552 11,14.).
436 2467 659 2555 Quamobrem
677 2469 900 2560 explanaret
914 2471 1005 2538 Deus
1025 2471 1075 2560 (ld
1095 2473 1231 2544 effectu·
1354 2480 1358 2489 '

126 2578 205 2641 rus,
227 2557 313 2709 pund
331 2578 367 2620 se
385 2553 552 2619 iacturum*
569 2574 643 2619 esse
661 2575 722 2640 per
736 2553 852 2620 Mosen
872 2553 1140 2648 denuntiaverat)
1157 2565 1229 2630 etc-''-

104 2695 112 2706 ,
126 2659 212 2714 εσσε
246 2642 388 2708 tractitia
400 2661 463 2706 uon
476 2637 607 2704 delectis
620 2645 758 2704 moveret
773 2641 875 2726 (quae
890 2661 949 2708 ees
963 2645 1170 2728 stimularet,
1192 2658 1232 2716 ut

125 2730 298 2816 gentilium
314 2723 410 2792 fidem
431 2724 696 2803 aemularentur,
717 2724 765 2791 cl.'
779 2731 812 2795 r.
827 2725 910 2808 310).
954 2717 1099 2796 Uxorem
1120 2754 1145 2797 a
1162 2752 1230 2798 ma-

125 2818 193 2884 rito
209 2813 433 2902 repudiatam,
449 2829 548 2958 puum
561 2807 742 2910 aliamjarn
758 2806 910 2876 laminam
927 2811 970 2876 ab
982 2836 1022 2880 eo
1036 2816 1142 2884 amari
1155 2839 1230 2886 sen·
1336 2845 1339 2853 ε

123 2902 228 2982 serit,
257 2919 334 2964 cnra
356 2916 452 2962 accen
476 2897 520 2977 it,
550 2901 587 2959 ut
606 2911 761 2984 amissam
780 2897 922 2978 gratiam
943 2918 1138 2990 recuperare
1159 2907 1230 2970 stnss

126 2985 220 3055 dcet:
243 2981 291 3050 eie
312 2984 421 3051 Deum
443 2982 555 3046 lavore
573 2980 693 3044 sno'in
715 2981 860 3064 gentiles
879 2983 1039 3051 inclinato
1060 2985 1230 3056 lsraelltie

123 3069 162 3139 in
184 3073 312 3138 delecta
335 3063 528 3158 praeteritis
549 3085 661 3156 curam
684 3071 718 3129 et
735 3063 994 3135 sollicitudinem
1013 3070 1152 3142 in'icero
1173 3077 1229 3141 de-

59 3211 60 3216 *
127 3159 293 3238 creuisse,
316 3163 353 3221 nt
374 3171 453 3220 cura
474 3163 531 3217 eos
551 3149 592 3216 ad
613 3148 804 3216 imitandam
824 3155 996 3236 gentilium
1016 3093 1136 3242 fidem,
1165 3165 1228 3248 qual
1262 3191 1264 3198 ,

126 3243 198 3310 Del
216 3241 358 3328 gratiam
379 3235 576 3324 consequuti
597 3236 799 3324 sempiterno
822 3237 1017 3326 locarentur,
1045 3241 1232 3335 impelleret

124 3325 200 3416 Ap.
236 3326 425 3392 allirmavtt.
476 3318 732 3391 tt.·mtotnom.
787 3318 1004 3414 Perspicuum
1034 3330 1231 3416 utigitur,

125 3410 237 3482 Deum
253 3411 429 3476 israelitas
443 3408 476 3473 in
492 3406 622 3472 delectu
641 3408 826 3492 neglectae,
849 3431 911 3479 non
931 3420 969 3478 ut
990 3425 1175 3485 coarctarent
1197 3421 1231 3488 Ιι,

127 3514 158 3568 e.
179 3497 288 3563 salute
311 3493 473 3560 messiani
495 3495 726 3594 priparentur,
759 3491 817 3560 sed
839 3501 995 3586 utquam
1017 3515 1077 3568 s'uo
1121 3516 1231 3568 eeeato
1328 3522 1335 3528 ·

127 3584 269 3672 paganis
282 3581 484 3670 profuissent
498 3586 531 3643 et
546 3599 612 3667 rpsn
628 3578 806 3646 beerentur
819 3601 973 3668 peccare,
995 3585 1029 3654 lt.
1048 3609 1079 3654 e.
1094 3521 1231 3654 dictato

125 3669 225 3736 tidem
243 3687 363 3754 negare
373 3665 528 3756 Jnseisse.
573 3661 736 3749 Quocirca
754 3659 792 3734 P.
809 3670 972 3734 sententia
996 3667 1076 3736 haec
1097 3680 1167 3740 eet:
1195 3687 1232 3740 ut

125 3751 307 3822 Israelitae
320 3773 383 3818 non
403 3751 523 3816 delecti
546 3749 638 3815 nulla
652 3749 787 3816 Christo
807 3750 872 3817 lide
892 3752 1005 3820 hahita
1026 3753 1231 3824 offenderent

105 3828 163 3910 'tss
183 3863 214 3908 e.
235 3837 409 3928 peccarent
428 3851 492 3900 non
512 3855 551 3899 eo
572 3835 831 3927 consilio-Deus
851 3837 948 3921 tecit,
977 3845 1015 3904 ut
1036 3839 1232 3910 corruerent
1283 3835 1287 3850 ’

128 3933 190 3991 atat
210 3924 373 3994 messiani
395 3921 558 3987 felicitate
580 3919 833 4008 iraudarentpr3
869 3921 927 3988 sed
956 3943 1082 3992 eorum
1097 3943 1238 4016 peccalo.

128 4011 206 4080 Deo
221 4011 408 4076 moderante
425 4007 586 4072 meesiana
602 4005 692 4070 salue
707 4009 847 4093 paganis
861 4009 997 4094 obtigit,
1019 4019 1056 4078 ut
1071 4017 1155 4100 (rem
1171 4029 1232 4102 per
1293 4028 1301 4040 '

127 4097 247 4164 Mosen
261 4093 485 4165 denuntiatam
505 4094 553 4173 to,
565 4089 617 4158 19.
632 4093 857 4178 perfecturus)
877 4117 986 4161 curam
1011 4097 1054 4164 iis
1075 4113 1231 4184 moveret,
1307 4119 1312 4128 “

129 4183 194 4270 quai
210 4177 252 4244 ad
270 4177 459 4248 imitandam
476 4197 676 4266 paganorum
692 4175 806 4262 iidem,
824 4201 866 4247 ne
884 4179 1042 4249 felicitate
1065 4189 1230 4255 messiane

127 4262 336 4346 exciderent,
357 4267 586 4331 incitarentur.
629 4259 702 4330 Jam
719 4265 940 4354 quaeritaret
953 4269 1172 4354 quomodo't.
1197 4275 1228 4338 in
1308 4332 1314 4339 .

127 4353 212 4422 hane
235 4353 433 4421 sententiam
454 4347 609 4421 inciderit
631 4355 666 4414 et
688 4367 730 4416 an
753 4371 793 4418 ea
815 4353 906 4420 nobie
926 4355 1109 4437 cloacinae
1128 4359 1230 4427 videat
