2876 5056
277 369 279 377 '
401 307 1005 472 c1avr.²el1.v0.m.erre..'
1167 397 1235 468 coe
1314 433 1323 464 a

124 555 193 640 lae)
220 554 308 624 euim
336 553 445 638 magis
465 553 588 621 xolivam
611 553 757 620 oleastro
780 553 947 639 inserere,
981 561 1014 622 et
1035 564 1099 632 non
1122 551 1230 624 olivae
1280 619 1282 630 ,

122 644 303 726 oleastrum
325 641 454 716 solent:
484 637 524 708 P.
538 660 617 706 vcro
634 637 812 723 apostolici
828 642 1022 710 auctoritaie
1036 641 1092 728 (ii)
1112 643 1230 708 ordine
1299 647 1303 655 “

122 733 322 791 commutato
341 735 397 790 res
418 725 524 808 magis
544 724 673 806 causis,
701 744 799 823 quam
814 745 932 792 causas
947 728 1077 794 rebusa
1104 727 1228 796 tarit.''
1247 783 1253 792 .

123 821 157 876 et
196 816 342 876 raeterea
360 809 590 889 Certationem,
613 807 793 898 Koppmm,
815 807 984 876 lleiclnium
997 821 1030 879 et
1086 833 1227 895 cyrrum.

122 831 193 962 seb
206 896 306 984 quum
322 896 461 960 oleastri
476 895 684 963 surculorum
698 893 731 958 in
747 893 851 964 oleam
867 895 1022 994 ipsitione
1038 898 1097 974 boc
1115 897 1226 975 mue-

122 981 316 1061 clararerit,
344 981 488 1066 gentiles
502 986 595 1046 extra
610 978 759 1044 ordinem
774 1001 934 1048 summum
950 981 1015 1046 Dei
1032 981 1224 1063 beneficium

120 1066 155 1132 iu
176 1066 343 1132 civitatem
359 1064 526 1154 judaicam
547 1065 737 1152 receptione
756 1069 979 1151 consequutos
998 1089 1090 1150 esse,
1111 1089 1223 1136 secum
1298 1061 1308 1072 ¹

19 1185 20 1188 ¹
120 1151 251 1216 discors
266 1172 340 1215 esse
355 1159 388 1216 et
401 1150 527 1216 civitati
534 1151 693 1238 judaieae
706 1149 857 1216 tribuere
875 1149 962 1236 quod
981 1149 1059 1234 fidei
1078 1153 1221 1219 dandum

120 1244 211 1301 essct
232 1235 366 1302 Reicbio
388 1257 422 1322 p.
436 1237 513 1303 391.
535 1236 677 1302 videtur.
734 1233 812 1300 Non
836 1238 1014 1304 assentior.
1071 1241 1164 1304 Fidei
1186 1239 1220 1304 in

119 1319 256 1388 Cbristo
276 1319 442 1410 repositae
461 1321 537 1407 pios
556 1320 700 1402 gentiles
719 1341 876 1396 summam
892 1317 1085 1387 felicitatem
1102 1324 1221 1390 debere

118 1403 196 1494 Ap.¹
211 1407 245 1473 b.
259 1407 283 1472 1.
304 1406 437 1472 minime
455 1405 619 1472 infitiatus
640 1411 708 1470 est:
736 1404 821 1469 illud
841 1421 916 1471 vere
937 1407 1073 1488 statuit,
1094 1416 1129 1474 et
1143 1409 1235 1496 pro·'

117 1492 179 1558 bos
202 1491 344 1576 gentiles
365 1511 438 1556 cum
458 1489 597 1555 oleastri
620 1487 778 1564 ramisin
800 1489 920 1555 olivam
945 1491 1108 1564 immissis
1130 1499 1233 1560 recte'

108 1565 261 1642 *conferri
289 1577 323 1646 b.
344 1597 374 1642 e.
399 1597 456 1642 eos
479 1582 614 1662 praeter
635 1596 745 1640 rerum
768 1573 915 1641 ordinem
937 1577 1057 1642 salutis
1080 1572 1220 1646 ludaeis
1349 1611 1351 1618 ·

115 1661 325 1763 potissimum
341 1660 526 1728 destinatae
547 1662 596 1746 (l,
615 1662 682 1744 16.)
705 1660 885 1748 participes
900 1661 1004 1727 fructos
1016 1684 1090 1728 esee
1108 1665 1219 1748 (nulle
1350 1683 1352 1700 “

112 1745 1218 1920 alldistillabatillaltlttltlltllulll'ltlz

112 1917 284 2004 ticipavit,
310 1919 361 1997 15,
372 1917 406 1997 8,
418 1917 467 2000 9.)
482 1923 515 1980 ct
530 1915 697 1979 civitatem
707 1907 872 2003 judaicam
886 1937 1079 1998 generosam
1095 1918 1216 1990 olivam

110 2001 244 2084 facere,
279 2023 363 2090 quae
382 2001 496 2066 insitis
517 1999 584 2065 sibi
604 1999 742 2063 oleastri
764 2000 864 2064 taleis
886 2021 1017 2064 succum
1040 2003 1216 2086 largiatur,

110 2095 173 2152 aut
191 2087 357 2164 nationem
374 2085 543 2178 judaicam
559 2105 619 2149 sua
633 2093 823 2156 ornamenta
839 2106 910 2148 curn
926 2087 1065 2172 paganis
1079 2089 1215 2153 civitate

110 2169 247 2239 donatis
268 2169 520 2240 communicare.
577 2167 706 2257 Nempe
727 2159 953 2250 Abrabamum
976 2171 1093 2236 beatae
1116 2169 1216 2236 subo·

108 2256 155 2324 lis
178 2257 424 2344 progenitorem
443 2257 515 2320 lore
529 2252 624 2320 Deus
646 2254 861 2342 portenderat
876 2256 953 2322 Gal.
966 2255 1057 2338 3,-8..
1102 2257 1215 2342 Quare

109 2339 307 2409 Abrabamo
329 2339 513 2428 promissae
536 2337 708 2403 beatitatis
730 2340 898 2427 particeps
922 2341 998 2406 lieri
1018 2364 1081 2406 non
1104 2344 1215 2429 potuit

109 2425 178 2494 nisi
206 2436 265 2490 aut
292 2427 325 2498 in
349 2419 535 2490 Abrabami
564 2422 694 2488 familiai
720 2434 819 2488 natus
847 2434 906 2489 aut
929 2422 961 2488 in
986 2447 1057 2492 cam
1078 2425 1214 2496 insitus.

109 2509 199 2582 Sane
228 2511 310 2576 banc
330 2509 426 2576 Deus
450 2509 557 2594 legem
587 2507 785 2596 scripserat,
821 2517 857 2574 ut
884 2509 943 2596 qui
970 2513 1076 2578 me'uie
1096 2519 1128 2578 et
1148 2510 1214 2594 fide

108 2595 341 2666 Abrabamum
366 2593 523 2670 aemulati
546 2604 659 2658 essent
680 2593 868 2658 Abrabami
889 2597 1018 2682 posteri
1041 2617 1213 2660 conseren-
1238 2623 1240 2630 ·

108 2681 213 2759 tund,
230 2683 283 2758 ll,
314 2679 500 2760 Ga1.,3,9..
543 2675 610 2743 Sed
630 2678 903 2743 considerandum
924 2689 992 2760 est,
1018 2681 1127 2768 primo
1146 2681 1212 2746 fide

108 2766 255 2848 gentiles
271 2763 452 2832 Adrobumi
468 2757 553 2844 filios
572 2761 679 2828 iactos
699 2784 790 2836 esse„
813 2761 925 2850 quibus
940 2763 1034 2828 Deus
1050 2783 1211 2831 summam

107 2852 312 2916 felicitatem·
326 2849 496 2938 pollicitus
515 2855 621 2929 esset,
648 2845 767 2912 deinde
780 2844 921 2914 Paulum
937 2847 1093 2930 ludaeis,
1115 2861 1213 2918 natu-

107 2936 240 3035 ralibus
254 2932 617 3020 Abrabamiposteris,
645 2932 809 3020 aliquem,
836 2953 931 3018 quem
953 2933 1041 2999 inter
1063 2935 1213 3013 homines

106 3020 173 3087 tide
187 3021 376 3088 Abrabami
394 3039 499 3104 genus
518 3028 742 3104 consequutos
760 3017 967 3101 obtinerent,
989 3019 1211 3108 principatum

107 3106 275 3174 detulisse
289 3108 336 3192 (v.
352 3102 476 3172 netad
493 3103 613 3188 1,16.).
663 3101 744 3182 lure
759 3101 863 3186 igitur
879 3105 1107 3172 Abrahamum
1122 3105 1211 3196 ejus·
1292 3147 1295 3153 ·

106 3213 172 3278 que
188 3187 382 3279 progeniem
396 3188 556 3254 familiam
570 3187 677 3255 facere
692 3185 733 3254 P.
746 3185 894 3270 censuit,
920 3189 973 3254 cui
988 3211 1146 3255 summam
1162 3191 1211 3258 fe-

58 3277 275 3346 ¹licitateur
293 3275 386 3345 beas
404 3275 450 3340 ita
470 3269 599 3360 privam
619 3272 866 3354 constituisset,
895 3281 932 3338 ut
953 3275 1076 3340 nemini
1092 3275 1160 3350 nisi
1176 3277 1211 3342 in
1323 3281 1326 3292 '
1412 3257 1414 3269 ’

104 3362 208 3428 illam
221 3383 298 3431 rece
323 3369 357 3426 to
377 3357 450 3424 dari
471 3366 608 3465 posset,
656 3356 921 3444 ἐνεκεντρίσθης]
949 3362 1077 3428 Athen.
1093 3362 1145 3444 14,
1156 3362 1210 3432 68.

104 3483 146 3509 e-
160 3383 402 3529 irrapssobbduc
422 3441 545 3524 ἅπιονς
567 3437 723 3525 ὀνομάζει
738 3443 977 3533 (Aristoteles)
993 3441 1052 3521 τὰς
1067 3439 1211 3530 ἐγκεκεν-

103 3530 300 3632 τρισμένας.
342 3529 443 3677 ΕνῘΙεο
459 3527 638 3678 Eruonppe,
667 3527 868 3678 (irotlabv.
886 3525 1076 3679 ῗγκεέτρίζω
1098 3531 1211 3636 ”dim

103 3617 889 3788 lilldt'tatilitanti,*titillat
906 3623 948 3764 ‘ii
969 3615 1211 3784 utilitia
1245 3685 1247 3688 ·

103 3785 194 3852 idem
217 3784 309 3872 quod
329 3775 520 3869 ἒννεννρίζω
542 3791 658 3846 notare
677 3789 766 3846 recte
787 3783 997 3850 contenditur
1028 3803 1058 3850 v.
1072 3783 1212 3870 Stepha-

104 3892 184 3938 num
201 3871 235 3936 iu
251 3870 358 3936 Tbes.
373 3889 401 3938 s.
417 3886 448 3942 v,
463 3863 683 3966 ἑγκεντρίζω).
727 3865 781 3930 De
800 3867 861 3930 cori
881 3861 1014 3952 ἐνοφθα
1034 3867 1162 3950 μισμοῦ
1177 3877 1212 3934 et

105 3955 166 4033 r'c
187 3952 373 4104 despondes
385 3951 582 4020 discrimine
604 3952 738 4016 consule
755 3949 1023 4040 Theophrastum
1040 3951 1081 4032 de
1098 3947 1211 4020 causis
1230 3970 1234 3998 ¹
1270 4018 1278 4024 ,

121 4049 216 4116 dut.
257 4041 311 4118 ,6,
327 4041 373 4108 6..
405 4035 520 4122 ,Idem
543 4031 785 4120 ὀφθαλμίζειν,
817 4031 1029 4128 ἐγκεντρίζςιν
1050 4044 1084 4101 et
1105 4035 1211 4125 ἔμφυ-

105 4125 217 4192 τεύειν
237 4123 415 4207 distinguit
433 4121 515 4190 ibid.
529 4121 561 4198 2,
577 4119 629 4200 14,
641 4119 686 4188 5..
736 4117 808 4185 lmo
828 4116 982 4203 ἐμβάλλω
1003 4122 1135 4204 generis
1155 4140 1212 4189 vos

106 4193 265 4284 eubulum
288 4217 363 4288 est,
390 4203 582 4294 ἐγκεννρίζω
604 4213 713 4270 autem
733 4205 913 4276 insitionem
929 4206 961 4270 in
971 4201 1093 4288 fteeirrd
1108 4216 1141 4274 et
1155 4205 1212 4288 ἐμ·

107 4293 270 4378 ννννλλίζωΙ
285 4293 467 4364 inritionem
486 4294 521 4360 ia
544 4290 661 4358 cortice
683 4287 842 4357 declarat.
898 4285 1147 4378 ἐνεκεντρίσθης
1172 4288 1213 4359 ἐν

107 4376 238 4464 αὐτοῖς]
263 4381 298 4476 b,
314 4401 345 4447 e.
365 4377 452 4456 ieter
470 4397 522 4444 eor
542 4373 593 4462 (in
613 4375 701 4454 oliva
722 4382 818 4446 nator
833 4375 1136 4530 oeppe2delrartos)
1157 4373 1212 4446 'ra-
